2250 4732
193 468 200 603 f
263 488 309 577 rie
337 494 422 579 vitu
452 489 608 613 Moyfts.
822 507 893 627 '⁸83

10 710 76 773 nnn
97 687 293 791 serpentes
318 690 516 773 confodiat.
573 690 748 793 Sequitur
768 704 894 772 autern

10 788 116 891 psum
129 788 297 889 conjunx
310 788 523 891 alienigena,
544 792 708 869 humanu¹
722 790 895 873 videlicet
999 878 1001 883 ,

10 890 180 979 eruditio,
209 888 314 987 eujus
334 892 414 968 sunt
430 891 605 969 nonnulla
630 892 677 969 ad
696 894 893 969 liberorum

10 992 294 1089 procreationem
315 992 439 1085 utilia3
465 994 614 1069 moralis
632 995 894 1085 enimnnturas

10 1090 122 1189 isque
140 1088 373 1191 Philosophia
392 1091 563 1191 coniungi
584 1090 783 1169 sublimiori
802 1092 891 1169 vitae

10 1188 140 1275 lebet,
178 1188 268 1265 durn
295 1186 375 1288 ejus
415 1204 540 1289 partus
572 1191 663 1268 nihil
696 1190 891 1289 alienigeni

10 1288 150 1365 holeris
172 1286 292 1366 seorim
316 1289 494 1380 adducat,
521 1292 618 1391 quod
635 1290 698 1367 nisr
723 1294 805 1389 quis
819 1292 891 1367 oir-

10 1388 193 1467 sutnoidut
206 1386 247 1467 ἂ
262 1388 423 1479 auferat,
445 1393 574 1467 mortis
589 1387 889 1489 periculum·An·

46 1486 110 1567 lus
133 1486 281 1571 obulum
305 1488 421 1567 snslus
446 1491 625 1578 incutiet,
662 1512 772 1589 quem
796 1509 891 1567 uxor

10 1510 149 1687 lloyllt
162 1598 251 1667 tuno
289 1586 532 1679 laurinum
546 1588 731 1667 ablatione
748 1610 893 1689 praepu·

10 1686 242 1797 tlinundurn
257 1610 374 1767 illurn
389 1688 493 1768 suurn
503 1688 633 1767 effecit.
660 1688 784 1767 Habet
792 1688 893 1767 enirn
957 1750 961 1759 .

10 1782 240 1887 Philosophia
254 1786 376 1865 sneoull
393 1789 537 1867 monle
551 1788 736 1887 quoddam
750 1810 900 1887 praepne

10 1886 97 1965 lim
111 1942 132 1975 ,.
150 1906 225 2001 quo
249 1888 457 1967 circumciso
481 1888 687 1967 Israelitioae
709 1888 893 1981 inuenitur
1057 1904 1060 1909 '

10 1984 74 2065 else
89 1984 314 2063 nobilitatis:
337 1986 393 2065 uti
413 1988 573 2087 exempli
589 1987 714 2075 causa,
740 1988 892 2065 immor·

10 2084 121 2161 utem
137 2084 206 2163 else
219 2086 384 2167 animum
401 2086 603 2188 philosophi
615 2085 825 2187 perhibent,
851 2084 893 2163 its

10 2184 109 2289 pluro
125 2182 195 2261 eh:
220 2184 269 2261 de
286 2187 497 2285 corporibus
515 2188 553 2265 in
575 2208 727 2285 corpora
745 2184 895 2267 hanhre
1011 2206 1013 2210 ·
1049 2257 1052 2265 .

10 2286 157 2372 rolnut,
191 2282 265 2361 hoo
280 2284 378 2385 quah
395 2288 613 2386 praeputium
635 2286 898 2369 circumciden-

10 2384 96 2463 rom
112 2382 184 2471 est,
208 2385 398 2484 multaque
414 2386 487 2463 alin
506 2384 717 2486 hujusmodi
734 2384 815 2463 suut
832 2408 897 2463 ve·

10 2484 544 2663 piigoffiosgitntapuffiionibus',
569 2486 629 2565 sed
659 2484 758 2563 fa'lfis
781 2508 895 2587 oppo-

151 2608 176 2659 u
218 2609 256 2664 m
380 2610 414 2662 a·

55 2788 92 2859 b.
119 2781 239 2873 „Cum
256 2804 344 2879 ergo
360 2781 507 2881 Moyses
527 2781 629 2865 omni
648 2802 801 2859 nurnero
823 2782 895 2859 vir·
908 2802 1024 2889 Asgpn

10 2882 122 2970 tutis,
148 2882 187 2960 bt
207 2882 342 2961 divinae
370 2882 462 2959 luris
482 2880 615 2957 vifione
643 2880 834 2957 aterrenis
857 2883 1048 2977 incestans.

10 2982 142 3061 altiora
154 2982 319 3057 elevatus
335 2980 424 3070 snit,
451 2997 575 3077 optata
599 2981 720 3057 fratris
745 2979 808 3059 fibi
835 3004 898 3055 oc-

10 3080 267 3161 eorsntiosnfta
278 3080 369 3170 fuit,
387 3080 563 3159 (livinitus
580 3082 627 3157 ad
645 3084 717 3157 hoo
734 3080 897 3175 excitatl3

10 3196 99 3261 tune
122 3183 225 3261 euim
249 3180 436 3263 manilelle
461 3182 624 3256 diviuur'n
650 3180 697 3257 ad
721 3181 896 3257 virtutem

10 3282 119 3359 uobis
156 3282 373 3357 atrooiniurn
388 3280 540 3356 concedi
553 3284 785 3377 reperiemus,
810 3302 896 3357 euru

10 3384 170 3463 uirtuoe
203 3380 412 3457 vixerimus.
456 3378 642 3455 Occulrior
671 3378 768 3457 enirn
794 3380 916 3477 quae·'

10 3478 98 3567 snm
127 3480 277 3557 traditio
302 3478 376 3567 eil,
413 3474 452 3554 br
475 3488 584 3554 suus
608 3478 803 3557 sermo'sd
826 3500 897 3557 nos

10 3576 654 3779 hii‘s‘lllrrli0lz‘llllr
669 3594 898 3775 issu
1036 3720 1039 3725 .

10 3780 57 3859 uli
80 3786 170 3859 ue'm
188 3780 229 3855 in
241 3776 505 3855 adminiculum
522 3778 652 3873 cuique
665 3780 900 3853 constitutum
1004 3840 1007 3845 .

10 3806 107 3963 sulse
159 3890 376 3981 nuturaeque
399 3877 528 3969 nostrpe
550 3894 797 3975 corruptorem
819 3898 901 3974 pra·

10 4004 91 4065 tom
113 3978 286 4079 aliquem
300 3978 576 4154 sunnoneand
592 3979 688 4093 orale
704 3978 902 4149 riteudgm

553 4101 576 4159 2
808 4126 834 4167 nr
861 4094 902 4147 ⁰·
