2250 4732
68 589 114 674 de
144 562 299 673 Anime
322 561 381 676 ’Ψ
402 558 709 717 Resurruiiene
766 609 848 692 501

10 808 19 860 r
52 804 143 860 vero
166 782 382 858 contrarium
408 782 549 858 videtur
570 803 582 875 ;
603 780 642 857 dr
669 779 750 856 funt
770 781 851 857 iane

10 885 70 961 rud
108 885 258 958 Graecus
288 885 434 983 qnidam
471 882 593 977 magni
628 880 852 977 Philosophi,

10 987 33 1060 ri
57 984 141 1060 haeu
169 981 302 1079 opinati
330 980 420 1056 sunt.
471 981 606 1079 Mitte,
633 981 748 1076 inquit
766 979 849 1067 ille,
912 986 917 1001 ⁸

10 1107 42 1159 re
65 1103 200 1178 nugas,
227 1079 442 1176 deresque,
469 1080 568 1176 quod
589 1082 640 1154 ita
660 1080 704 1153 de
728 1081 849 1155 noima

10 1184 106 1257 ntire
124 1180 212 1255 nihil
235 1179 332 1253 aliud
356 1178 415 1263 iit,
440 1200 548 1275 quum
567 1200 589 1251 a
607 1182 739 1253 virtute
763 1176 851 1253 alie-

10 1302 64 1357 rru
96 1279 192 1365 effe,
226 1277 267 1353 de
289 1277 325 1352 id
347 1279 444 1373 quod
466 1279 502 1351 in
533 1278 717 1374 praesentia
747 1276 853 1352 suave

10 1386 46 1468 t,
79 1378 192 1452 solnm
215 1376 396 1474 inediam,
434 1377 546 1451 vitrrn
568 1391 690 1454 autem
712 1376 749 1451 in
772 1375 853 1451 inii·

10 1480 62 1555 tin
83 1476 223 1554 saeculis
250 1475 407 1553 futuram
426 1475 619 1572 desperare.
664 1475 715 1551 Ut
729 1486 869 1554 autern·

10 1575 579 1770 ddiifiiffiidib‘fflii?
593 1576 873 1750 eutitii-

10 1776 188 1853 tinionum
206 1770 362 1847 defenso
382 1771 603 1867 friscipiatur;
631 1773 762 1846 deinde
779 1772 855 1873 post

10 1873 240 1976 ipnfitioneru
263 1872 425 1948 veritatis
447 1872 545 1947 ratio
566 1873 777 1969 requiretur.

10 2098 56 2171 4.
91 2068 254 2158 „Dicunt
275 2090 361 2164 ergo
386 2069 520 2166 primo,
549 2067 610 2165 qui
639 2068 1006 2147 contraderentur.

10 2169 189 2265 ¹unionem
207 2170 416 2254 defendunt,
441 2169 538 2264 quod
552 2190 694 2267 eorpus,
716 2168 858 2267 eoquod

10 2267 215 2367 urrporituno
244 2266 313 2355 it,
346 2269 513 2354 ineam,
549 2267 679 2362 quibus
701 2268 870 2358 constat,·

10 2368 187 2447 doleatur
201 2368 310 2462 ipsam
330 2380 496 2441 naturam
519 2365 777 2444 elementorum
796 2388 874 2464 per·
1006 2452 1012 2465 Ι

10 2467 229 2547 unitionem
247 2467 438 2560 quamdam
457 2463 682 2542 neeedariam
695 2467 741 2553 ei,
760 2467 859 2565 qnod
959 2498 963 2507 ²

10 2566 25 2645 k
53 2565 221 2665 ejusdem
249 2566 416 2659 generis,
452 2562 556 2639 suum
570 2566 753 2641 reddente.
785 2565 858 2641 Sed

10 2662 106 2745 tima
134 2662 251 2761 postea
279 2664 340 2738 ubi
364 2660 467 2738 erit?
502 2683 584 2759 quae
604 2686 688 2741 curn
712 2664 859 2762 simplex

10 2784 44 2856 t,
67 2767 109 2840 in
126 2764 304 2837 elementa
318 2760 454 2836 diiiolvi
468 2784 541 2835 non
556 2762 666 2857 potest
678 2817 688 2849 ‚
699 2761 862 2861 adeoque

10 2887 107 2941 eum
127 2859 264 2946 obiit,
292 2884 363 2934 non
381 2859 536 2945 inuenit,
564 2859 601 2934 dr
621 2884 642 2936 e
689 2859 760 2937 uod
776 2882 864 2937 oue·

10 2985 100 3042 nuru
129 2958 206 3046 est,
244 2956 385 3055 prorsus
412 2981 486 3032 non
518 2956 577 3032 est.
682 2980 783 3037 erum
816 2959 863 3037 nd

10 3084 62 3141 ec
88 3060 254 3152 magistra
282 3058 361 3131 ait:
405 3055 429 3130 sr
463 3068 649 3153 propterea
683 3080 862 3157 nusquam

10 3164 147 3250 rimam
164 3156 232 3231 ede
249 3160 440 3251 opinantur
456 3153 656 3245 adversarii,
678 3162 775 3252 qnod
792 3181 865 3234 non

10 3282 21 3337 r
47 3257 387 3355 ejusdem'natnrae
409 3276 495 3328 eum
523 3251 739 3342 elementis,
778 3268 866 3334 tnnc

10 3362 122 3444 iam,
148 3354 280 3452 quaeiu
303 3375 410 3439 carne
432 3353 592 3448 degitur,
620 3356 731 3430 vitani
752 3355 867 3433 inani·

10 3480 86 3537 urm
111 3453 178 3530 ede
203 3455 321 3529 dicere
346 3452 496 3542 debent;
521 3454 604 3548 quia
626 3477 754 3551 eorpus
775 3452 866 3532 nihil

10 3555 88 3635 dud
113 3552 191 3640 est,
225 3573 333 3648 quem
363 3551 553 3626 concursus
581 3551 862 3642 elementorum,

10 3674 122 3831 {nim
144 3647 551 3824 tititittit
564 3652 867 3829 'dinifii'

10 3872 68 3931 ιω
103 3849 314 3923 oblatrant:
340 3846 523 3943 quomodo
546 3849 642 3931 enim
672 3853 792 3928 dicent
814 3854 870 3927 in·

10 3947 185 4035 ifibileau,
219 3947 464 4042 incorpoream
488 3956 653 4024 naturam
687 3954 724 4025 io
748 3950 869 4025 humi·

10 4066 65 4141 ι,
93 4045 233 4136 indu,
259 4045 376 4140 calida
403 4056 650 4220 pelzefiraotem
670 4048 708 4124 in
728 4047 873 4123 edentia

16 4180 23 4189 '
130 4198 133 4203 ·
532 4169 555 4240 3
762 4170 878 4239 „con‘

994 4326 1088 4448 ν’·
