2250 4732
83 569 128 654 rie
157 569 308 657 Anima
342 570 395 665 θ’
433 566 735 687 Resurr‘ec‘iione,
794 594 880 689 503

10 787 160 865 gerens,
185 768 357 864 quamdiu
386 790 503 868 capax
526 791 649 847 earum
672 760 794 847 rerum
817 795 878 848 na·
913 812 917 819 =

10 890 81 943 ura
98 866 258 943 coniiare
282 871 435 945 uidetur.
487 868 571 956 Sed,
597 871 763 967 iuquam,
787 894 878 947 non·

10 990 43 1042 re
73 968 184 1041 etiam
209 967 281 1042 sinc
309 967 372 1043 tali
404 968 524 1043 anima
549 982 671 1044 motus
698 969 876 1067 ejusmodi

10 1090 33 1141 n
65 1087 215 1162 corpore
245 1066 321 1143 fieri
357 1067 520 1163 poiiuot,
561 1068 686 1164 quales
713 1070 823 1145 ctiam
851 1093 881 1151 a

10 1167 246 1241 rachinarum
269 1166 466 1243 artificibus
488 1164 581 1242 effici
597 1168 786 1255 uidemus,
812 1168 875 1246 ubi
953 1250 960 1260 ,
1029 1260 1037 1272 ,

10 1267 150 1341 nateria
181 1280 259 1341 arte
288 1265 452 1361 dispofita
483 1280 649 1341 naturam
685 1269 881 1357 imitatur,

10 1388 72 1439 ron
95 1367 133 1441 iu
165 1363 281 1442 forma
317 1365 429 1440 solum
457 1363 724 1441 similitudinem
759 1366 880 1457 oiien·,
1095 1378 1099 1389 '

10 1468 118 1551 unc,
143 1463 203 1539 ied
233 1465 343 1542 etiarn
366 1466 404 1540 in
424 1480 527 1540 motu
550 1462 721 1554 versans,
751 1466 789 1543 dt
808 1489 913 1567 v.n·,⁸

10 1563 274 1659 cru-quandam
291 1567 416 1652 edens,
441 1567 577 1661 absque
593 1588 658 1650 eo,
683 1565 780 1662 quod
797 1566 880 1645 vim.

10 1663 189 1759 uamdam
225 1664 462 1759 intelligentia
494 1663 688 1761 praeditam
717 1663 790 1740 illis
814 1665 871 1740 in·

10 1762 62 1841 ffe
85 1761 287 1838 credamus.
324 1766 377 1838 At
397 1764 478 1838 illa:
505 1765 575 1838 hoc
595 1764 708 1861 ipsum
731 1764 879 1851 sentem,

10 1864 82 1939 hm
97 1860 250 1937 nostram
265 1865 381 1958 magis
397 1862 595 1947 confirmat,
611 1862 755 1959 quiaita
770 1860 871 1951 scire,

10 1959 164 2049 attare,
188 1960 226 2038 dt
249 1961 434 2059 disponere
453 1965 640 2037 materiam
657 1962 873 2047 inanimam,

10 2072 32 2139 t
59 2082 122 2135 ars
144 2060 191 2135 ad
215 2061 401 2136 machinas
434 2060 596 2136 adhibita
624 2059 707 2135 loco
735 2062 871 2155 animm.

10 2159 250 2258 nopemodum
276 2163 427 2236 materia
452 2159 620 2257 iit,.qnin
639 2171 802 2246 motum,
828 2158 869 2235 dt

10 2282 138 2345 unum,
173 2258 211 2334 dc
232 2259 304 2334 alia
326 2259 574 2356 repraesentat,
609 2257 694 2334 satis
718 2258 869 2335 demon·

10 2371 93 2448 rat,
124 2358 222 2455 quod
237 2357 280 2433 fit
294 2358 440 2456 aliquod
453 2361 491 2434 in
507 2358 655 2435 homine
668 2355 754 2445 tale,
771 2354 872 2455 qood

10 2478 55 2537 ct
82 2458 445 2554 contemplatricem,
492 2455 531 2533 δι
555 2459 790 2535 inventricem
812 2455 869 2532 ia·¹

10 2558 166 2635 uitatem
190 2570 270 2633 tum
294 2557 505 2634 naturaliter
529 2554 630 2654 poffit
651 2557 731 2633 haec
756 2557 792 2632 in
815 2554 868 2633 ie·

10 2658 67 2759 pio
90 2655 330 2744 considerate,
358 2657 397 2732 dt
413 2667 534 2732 mente
551 2656 758 2751 concipere,
786 2668 866 2729 tum

10 2770 100 2835 ntea
127 2757 311 2852 cogitare,
351 2777 550 2853 praeparare
579 2754 785 2839 machinas,
825 2755 864 2829 dc
898 2805 900 2809 -

10 2857 122 2933 einde
152 2879 215 2930 eas
241 2876 304 2951 per
332 2867 447 2933 artem
471 2854 518 2929 ad
539 2852 715 2929 astionem
735 2852 871 2951 perdu·.

10 2980 96 3044 ere,
139 2978 269 3054 anper
304 2955 491 3030 materiam
522 2952 705 3027 ostendere
731 2954 872 3028 mentis.

10 3067 267 3233 titii,
288 3050 876 3247 iiiiiti⁶ttitii¹ir·

10 3255 165 3341 mtiam,
194 3253 278 3328 satis
304 3252 375 3327 hoc
401 3251 541 3338 discet,
574 3248 799 3336 lidicamus,
825 3247 869 3329 id

10 3378 62 3429 on
86 3352 178 3439 effe,
212 3352 309 3450 quod
330 3351 429 3427 ieoiu
459 3350 670 3449 percipitur,
706 3373 779 3424 uon
802 3371 875 3424 co·.-

10 3475 122 3538 irem,
141 3475 212 3526 nou
231 3451 404 3546 figuram,
426 3475 498 3525 nou
515 3453 779 3547 quantitatem,
797 3470 866 3524 uec
951 3504 955 3517 .
992 3466 996 3481 ¹

10 3553 183 3647 uidquam
212 3551 352 3647 prorius
378 3568 638 3646 eorumquae
663 3551 757 3625 circa
784 3570 863 3624 ma·

10 3652 120 3729 eriam
143 3649 468 3745 deprehenduntur.
517 3647 646 3745 Neque
664 3671 712 3723 ex
725 3648 797 3722 hoc
811 3646 867 3721 [ιε
903 3716 906 3721 .

10 3753 133 3838 uitur,
157 3761 318 3825 mentem
343 3749 498 3824 nostram
522 3746 685 3844 ejusdem
710 3770 794 3824 cum
809 3745 864 3823 di·.
918 3794 921 3799 ·

10 3852 72 3929 ina
93 3858 233 3926 naturae
250 3849 334 3936 effe,
360 3870 444 3944 quae
462 3848 609 3923 omnino
624 3848 783 3924 increata
800 3842 862 3931 eii,

10 3960 75 4029 cet
94 3946 151 4026 illi
176 3948 300 4026 finitis
321 3949 457 4027 existat.
482 3945 558 4022 Sed
575 3945 656 4046 ajo:

345 4106 349 4113 ’
453 4142 569 4241 ur,
735 4144 770 4216 a.
795 4100 862 4231 ,st
