2250 4732
216 370 227 385 ἱ

182 580 344 695 rufius·
379 526 516 697 borist,
544 582 713 669 Formo.
813 598 913 707 '527

69 784 168 861 irum.
185 782 296 887 ginon,
311 809 370 859 22.
420 780 515 859 Haec
535 781 633 857 enim
654 780 707 858 ait
733 778 915 859 Mediator

69 905 114 959 ’er
140 904 279 979 patrem
305 880 343 959 δι
369 902 555 980 praetooes
576 878 679 966 suos,
698 882 765 977 ¹qui
791 878 928 996 inimi-⁸.

68 1006 86 1057 s
115 982 184 1059 Dei
209 982 416 1059 conciliavit
438 1002 535 1058 verae
557 978 595 1057 ἃ
614 977 678 1057 soli
707 980 909 1075 divimtati}

69 1106 108 1160 m
129 1084 216 1179 quia
242 1104 304 1179 per
329 1092 519 1179 peecatum
539 1080 707 1157 homines
727 1104 751 1155 a
771 1098 908 1168 ventre,

77 1205 154 1279 quo
179 1182 325 1257 formati
350 1181 452 1268 sunt,
517 1199 558 1255 ro
584 1180 736 1255 veritate
760 1180 909 1275 mendo·

69 1306 121 1357 tm
149 1280 342 1377 loquentes
373 1202 517 1377 decepti
542 1276 641 1367 sunt,
669 1280 751 1353 ideo
768 1293 909 1358 naturae

69 1384 228 1457 mmunis
243 1379 423 1479 primitiae
449 1399 513 1477 pet
539 1398 669 1477 corpus
694 1376 733 1455 δι
749 1378 910 1459 animani

69 1488 216 1568 umens,
242 1504 306 1555 eos
323 1478 425 1555 nulla
445 1474 585 1555 malitia
602 1476 723 1555 miiins
739 1492 804 1554 tut
819 1502 907 1556 eon·
992 1516 995 1521 ·

69 1581 217 1657 ninutas
241 1580 280 1655 in
314 1578 348 1651 ie
371 1578 586 1653 conservans
610 1578 744 1653 tentius
764 1574 903 1669 effecit,

72 1704 140 1755 eas
165 1682 392 1775 incorruptas
409 1680 582 1755 dedicans
599 1676 698 1753 Porti
712 1676 807 1753 filios
823 1680 905 1755 reo:

69 1794 139 1866 ret,
165 1777 203 1856 iit
234 1778 402 1855 inimicos
420 1776 488 1853 Dei
508 1777 710 1853 diuinitatis
728 1776 807 1875 ejus
824 1774 906 1873 patss

69 1880 148 1977 iper
183 1878 331 1955 iaceret.
403 1869 454 1951 Ut
485 1894 571 1971 ergo
589 1875 709 1951 maiiae
737 1878 907 1975 primitiae

69 1980 176 2055 ritate
209 1978 246 2053 u
281 1974 487 2052 innocentia
513 1996 600 2050 vero
633 1974 732 2051 Patri
765 1974 803 2051 δι
827 1966 907 2051 Deo

69 2078 219 2156 teiliatae
244 2077 342 2167 sunt;
382 2072 429 2151 fic
455 2073 566 2150 etiam
591 2096 679 2169 not,
714 2076 775 2171 qui
797 2068 908 2175 muffet
990 2138 996 2149 .

69 2200 151 2265 nus,
179 2178 318 2254 eisdem
336 2175 540 2251 rationibus
566 2174 823 2251 cumeerirotis
842 2182 906 2279 pu}

85 2274 367 2373 conjungemur,
384 2274 411 2349 u
429 2270 643 2350 Mediatoris
658 2272 906 2355 innocentiam

69 2376 306 2457 constantiam
324 2395 389 2471 pro
406 2371 543 2452 viribus
558 2374 793 2453 imitabimur.
868 2450 872 2457 ,
892 2376 901 2479 ᾗ

69 2598 124 2651 ιο.
150 2564 239 2661 „sie
265 2566 377 2649 etiam
400 2569 537 2649 erimus
560 2564 748 2669 Unigeniti
773 2564 906 2649 Coto&
917 2586 1024 2654 Honor
1041 2587 1084 2663 θ

68 2676 83 2750 i
110 2671 214 2747 honor
231 2669 269 2746 δι
293 2674 406 2770 gioria
431 2694 494 2769 per
511 2674 625 2745 vitam
647 2668 782 2764 effesti;
819 2664 1029 2760 nonaum.

69 2770 154 2849 ulus
176 2769 265 2847 dicit
292 2770 397 2846 Hebr.
418 2794 452 2865 5.
479 2773 652 2867 quoniam
676 2762 832 2847 minuisti
860 2764 905 2848 ill

69 2896 96 2949 n
119 2868 229 2969 paulo
255 2870 378 2947 minut
397 2872 443 2945 ab
469 2868 622 2967 Angelis
656 2888 801 2971 propter
817 2892 906 2947 eru·
966 2936 976 2945 .
1053 2904 1058 2913 ·

69 2986 154 3049 tum
185 2972 341 3045 mortis:
387 2966 544 3067 majores
577 2970 675 3047 enim
703 2968 842 3045 nostros
866 2968 907 3047 io
989 3026 995 3047 .
1077 3014 1082 3027 ·

69 3088 125 3149 oae
138 3082 310 3145 naturum
336 3068 384 3145 ob
414 3090 604 3165 peccatum
627 3066 817 3144 conversos
839 3056 905 3147 ubi

69 3197 86 3245 e
114 3192 162 3243 ex
187 3172 317 3243 mortis
335 3164 560 3264 dispositione
588 3190 759 3245 coronam
791 3162 903 3255 feeit'‚'

72 3270 211 3365 spinam
236 3268 273 3343 in
299 3268 474 3343 honorem
492 3269 529 3343 dt
553 3265 707 3365 gloriam
733 3264 904 3363 patiendo

69 3366 266 3445 nmutavit.
333 3368 513 3461 Quocirca
531 3390 615 3443 cum
640 3360 749 3445 semei
776 3366 906 3457 mundi

69 3480 207 3545 :cotum
231 3462 452 3551 inormem,
480 3466 519 3544 ἀ
533 3466 644 3564 capiti
666 3460 908 3547 eoronamde

69 3570 125 3646 nir
143 3565 344 3661 occeperit,
373 3580 414 3641 ut
430 3590 477 3641 ex
494 3566 633 3641 honore
648 3564 688 3645 ἂ
708 3568 824 3665 gloria
845 3564 909 3643 eo'·

69 3688 142 3745 iam
164 3677 393 3753 contexeret,
422 3690 495 3741 non
519 3688 671 3764 parvum
700 3660 902 3763 periculum

70 3820 84 3859 ,
106 3789 154 3841 ne
180 3763 303 3861 aliquo
331 3763 444 3839 modo
461 3780 608 3861 propter
629 3766 833 3863 improbem
852 3764 909 3839 ui·

69 3890 89 3943 n
117 3864 249 3942 tribou.
269 3862 338 3939 eise
370 3860 408 3939 iit
436 3862 546 3959 spinae
579 3862 905 3965 deprehendamur,

69 3988 125 4065 {ue
149 3965 203 4039 ita
230 3962 277 4039 iu.
300 3964 421 4039 media
451 3962 598 4041 Domini
623 3985 787 4052 corona,
823 3982 907 4059 quae

69 4086 76 4145 τ
96 4062 395 4157 communionem
409 4065 571 4165 corporis
588 4058 675 4163 ,eino
694 4063 755 4153 ut,
780 4062 922 4138 andini

779 4180 903 4255 „muz

1039 4326 1091 4432 f
