2250 4732
194 530 328 619 Oratio
358 534 401 620 in
429 528 474 623 S.
506 531 705 648 prraem.
820 538 907 652 679

93 756 136 823 2.⁸
159 728 433 820 „Quamobrem
467 740 550 811 bum
580 733 632 809 ita
667 732 762 824 ferat
787 733 899 813 circu·
914 742 1016 809 Euro:

69 852 82 905 ι
103 831 212 919 anni,
239 843 282 908 ut
304 831 413 908 hodie
437 834 541 907 nobis
566 832 827 911 collaudandus
850 831 1006 911 ateium

69 950 191 1025 oraem,
244 930 322 1007 fieri
356 955 429 1007 non
461 931 603 1030 potest,
644 934 731 1028 quin
765 956 898 1029 magno
910 913 1014 1064 {⁶233
1051 1006 1057 1017 ,

69 1050 102 1105 ιιι
131 1030 265 1124 gaudio
285 1047 563 1109 mouumentum
585 1031 684 1119 hoc,
708 1032 897 1109 &amoris
939 1017 960 1081 Ρ
998 1019 1065 1068 ‘'⁶'‘
1095 1076 1100 1085 =

69 1148 148 1223 rouo
169 1127 341 1227 suscipiat.
389 1129 561 1227 Ephraem
589 1130 700 1226 igitur
722 1131 785 1207 ille
801 1131 896 1206 cele·

69 1228 174 1302 andus
202 1227 270 1317 cll,
294 1229 356 1326 qui
372 1228 579 1307 Christianis
595 1229 763 1305 omnibus
778 1232 894 1307 inore

69 1324 184 1402 riatur.
228 1328 399 1424 Ephraem
432 1328 579 1426 Symr,
615 1326 718 1427 cuius
743 1330 828 1405 vitae
854 1328 894 1407 dc

69 1422 185 1501 &ium
215 1427 380 1523 splendor
409 1427 573 1505 universo
607 1428 685 1503 orbl
715 1440 893 1505 terrarum

69 1526 153 1617 niu
178 1527 216 1600 iu
235 1527 336 1602 omni
355 1528 453 1603 enim
475 1526 558 1603 loco
585 1524 827 1623 cognoscitur,
852 1527 892 1603 do
1010 1596 1015 1605 ,
1079 1524 1083 1537 ’

69 1624 286 1701 adnotarat
306 1625 511 1719 incognitus
537 1625 608 1714 cll,
632 1626 696 1725 qui
717 1648 891 1721 magnum

69 1722 182 1800 cleirac
191 1723 314 1800 lumen
325 1720 496 1801 B'afilium
512 1726 689 1820 ignorant.
717 1726 890 1821 prraem

69 1844 132 1897 ons
154 1822 217 1899 ille
234 1822 401 1939 Ecclcliae
420 1824 643 1924 Euphrates,
669 1823 771 1922 cuiue
787 1824 897 1919 aquis,

69 1921 728 2136 ιιιιιιιιιιιιιιιιιι
752 1934 890 2136 ιιι

77 2118 145 2197 illa
170 2118 239 2195 Deo
263 2122 371 2209 vitio,
404 2142 487 2217 quae
515 2118 684 2197 Ecclefiae
715 2118 810 2195 filoos
834 2118 891 2197 di·

69 2220 285 2297 ocharitate
304 2220 467 2296 nutriens
490 2229 649 2307 recreat,
663 2218 706 2295 dc
721 2218 886 2295 obleilot.¹

69 2318 182 2395 braem
203 2320 338 2405 bonus,
363 2318 401 2395 dc
416 2316 535 2397 fidelis
560 2317 729 2395 Eccleliae
753 2316 889 2415 dispen-

69 2440 120 2506 ιι,
148 2418 209 2515 qui
227 2420 401 2495 virtutum
414 2419 571 2493 rationes
587 2414 764 2494 conservis
783 2438 891 2515 aeque

69 2519 222 2595 ribuens
239 2516 307 2592 Del
334 2517 508 2595 familiam
533 2516 670 2617 optime
690 2516 867 2613 gubernat
874 2536 888 2608 ;

69 2640 114 2693 ns
142 2615 287 2714 quidem
323 2638 466 2711 genua,
519 2614 557 2692 dc
582 2627 729 2703 ortum,
773 2614 888 2690 fortu-

69 2740 126 2803 n,
172 2715 210 2792 dc
236 2728 370 2791 coetera
395 2716 441 2791 ab
467 2716 626 2791 externis
659 2713 888 2812 scriptoribus

69 2815 242 2893 laudibus
273 2826 463 2891 numerata
491 2834 560 2892 nos
581 2813 619 2891 lu
640 2812 802 2889 medium
831 2810 888 2887 ai·

69 2938 99 2991 u
123 2913 423 3011 superuacaneum
453 2913 639 2991 ducimus:
680 2910 766 2988 licet
789 2910 888 2987 enim

69 3037 158 3091 eum
172 3013 394 3089 laudandum
418 3012 503 3089 inde
521 3012 632 3089 etiam
651 3009 795 3086 abunde
820 3032 887 3085 no·

69 3113 273 3210 'suppetant
305 3124 545 3207 argumenta,
571 3132 645 3187 non
660 3107 742 3184 aliis
760 3116 886 3187 tamen

69 3214 231 3299 ¹mnibus,
257 3233 368 3307 quam
393 3210 524 3309 quibua
548 3206 621 3306 ipsc
643 3206 798 3285 vivendo
818 3207 885 3282 do·
1001 3276 1047 3307 ff

69 3312 194 3407 doque
219 3311 402 3387 illustrem·
419 3306 454 3383 se
476 3308 657 3394 reddidit,
683 3305 902 3397 ‚orationis-

69 3436 176 3487 onam
200 3408 462 3485 concedemus.
499 3408 688 3497 Quomodo
712 3406 809 3482 cuim
835 3428 884 3480 cx

69 3506 140 3589 oore'
169 3509 309 3586 laudari
342 3507 453 3595 uelit,
495 3510 558 3607 qui
585 3510 742 3583 omuem'
758 3505 885 3581 mundi

69 3612 235 3687 uilitatem
268 3604 483 3684 contemsit?
519 3617 583 3683 aut
607 3605 654 3680 ob
674 3605 826 3703 patriam
848 3604 884 3679 io

69 3708 254 3787 emendari
268 3707 444 3805 patiatur,
467 3708 531 3802 qui
553 3716 674 3783 totum
695 3704 819 3805 orbem
834 3700 887 3777 ad

69 3811 247 3909 pertinere
270 3830 343 3882 uon
364 3804 527 3882 censuit?
550 3816 614 3881 aut
637 3824 684 3881 cx
709 3800 792 3879 aliis
813 3800 883 3877 hu·

91 3910 234 4005 generis
255 3907 364 3983 rebus
384 3905 538 3981 terrenis
563 3902 597 3980 ie
620 3901 781 3979 decorari
800 3920 878 3995 pec·

69 4022 159 4095 ctat,
207 4006 269 4105 qui
291 4005 365 4105 jam
386 4004 471 4081 inde
497 4027 520 4080 u
549 4002 702 4103 pueritia
722 4000 762 4077 in
786 3998 879 4073 divi·

106 4122 111 4129 ·
416 4103 491 4180 Xx
515 4131 540 4201 4
724 4120 880 4192 „uarum
905 4136 909 4143 ·
