2250 4732
227 576 297 694 70,
385 684 387 689 ἲ
451 570 501 701 S
514 632 517 663 2
530 570 713 691 Gregorii
740 568 909 696 Npfferoi
972 513 974 517 Ι

227 770 324 863 „teri
348 771 511 871 proeponi
528 794 602 849 non
620 769 729 849 debet
735 794 747 865 ;
772 769 882 870 idqno
896 770 991 852 hanc
1010 768 1125 870 poti

228 894 358 963 ..mum
382 871 429 947 ob
456 869 626 959 causam,
667 896 713 947 ne
742 869 861 952 secum
886 869 960 970 ipse
984 866 1106 945 diffide

226 966 424 1064 ,evidentur
439 969 549 1046 'nomo
565 970 613 1045 od
632 971 807 1069 temporis
826 968 1015 1049 discrimen
1036 970 1074 1049 in
1093 968 1118 1045 d

230 1070 377 1166 „terias
392 1087 514 1164 partes
539 1070 577 1146 in
600 1069 730 1149 harum
753 1084 838 1145 ortu
865 1068 1011 1151 divisus.
1049 1067 1124 1149 Na

232 1190 343 1259 „cum
361 1183 491 1246 natura
515 1168 631 1247 nostra
649 1169 813 1247 bifariam
831 1167 1077 1266 intelligatur,
1115 1197 1120 1229 ι

231 1268 331 1361 „alia
350 1267 411 1357 fit,
438 1288 522 1366 qnae
539 1269 637 1350 cerni
659 1267 791 1367 potest,
818 1268 891 1349 alia
907 1267 1058 1351 interius
1081 1266 1123 1346 h·

231 1367 369 1467 ,puluis
394 1367 508 1447 veluti
520 1367 711 1455 occultati,
743 1366 1035 1454 filiatueremus,
1056 1366 1094 1443 al
1118 1401 1125 1427 2

87 1485 92 1495 ’
231 1480 340 1563 ,hilm
377 1466 478 1567 pilus
508 1480 624 1547 ortam
658 1466 842 1554 extitiffe,
884 1490 994 1564 quam
1028 1464 1104 1543 alte

232 1566 329 1659 ,·,ci,ie
346 1567 531 1664 inciperet,
560 1566 668 1664 plane
684 1567 755 1645 hoc
770 1566 905 1647 indicio
921 1568 1028 1651 foret,
1049 1565 1121 1643 Co

232 1664 390 1757 ,ditonis
416 1666 626 1764 potestatem
662 1690 736 1743 non
767 1668 915 1743 omnino
953 1662 1125 1762 perfetta.

233 1762 353 1859 „effe,
380 1789 425 1841 eo
450 1766 550 1862 qnod
572 1765 609 1841 in
640 1765 868 1863 perficiendis
894 1764 1040 1862 finguiis
1066 1784 1113 1863 pa

233 1865 359 1967 „tibus
379 1888 427 1939 ex
444 1862 577 1943 semine
594 1866 692 1965 prins
716 1880 891 1961 occupata
910 1865 1029 1943 fuerit.
1082 1862 1119 1945 Ν

232 1963 392 2054 „minim
411 1962 513 2041 ficuti
535 1964 572 2043 in
590 1986 704 2061 grano
721 1963 830 2041 tritici
848 1978 927 2044 toto
943 1962 1049 2060 spicae
1071 1985 1124 2040 ms

164 2144 167 2149 .
232 2060 355 2153 ,jtnrae
379 2056 513 2161 species
539 2063 712 2159 potestate
734 2063 991 2162 comprehensa
1008 2060 1077 2151 est,
1114 2076 1124 2127 ι’

233 2158 373 2261 ,ζεῑίεῐη
387 2162 633 2239 existimamus
650 2164 686 2239 in
704 2162 871 2249 hnmano¹
887 2162 1038 2251 semine,
1066 2185 1114 2238 cu

232 2260 373 2353 „homo
391 2263 548 2357 primum
572 2263 699 2356 incipit
719 2264 822 2349 oriri,
846 2261 1070 2337 facultatem?
1085 2286 1125 2341 nt

233 2359 420 2450 ,ituralem
435 2361 624 2447 contineri,
643 2360 840 2442 fimulcnm
857 2360 933 2459 ipio
950 2373 1097 2437 excreta
1122 2398 1125 2429 t

234 2458 345 2567 „quae
375 2458 549 2574 paulatim
583 2463 726 2556 propria
755 2461 793 2536 vi
824 2461 870 2535 ad
895 2459 1113 2576 perietiione

93 2614 112 2649 ,-
215 2598 217 2603 ·
234 2556 484 2661 „proficiendo
501 2558 698 2655 perteniat.
725 2558 884 2637 Animus
897 2563 1008 2657 igitur
1025 2582 1095 2655 que

233 2656 461 2754 ,immodum
484 2671 571 2747 apto
591 2680 722 2755 corpus
749 2675 823 2736 nnn
849 2661 988 2748 exiiiit,
1016 2657 1064 2735 fic
1087 2659 1125 2735 h=

235 2756 372 2851 „minis
390 2756 494 2836 initio
512 2755 587 2833 'tine
603 2760 726 2833 animo
743 2780 874 2855 corpus
891 2757 958 2832 eiie
975 2759 1047 2834 dici
1066 2781 1125 2838 vu

235 2857 408 2953 „aequin
434 2856 493 2933 sed
511 2879 623 2932 onum
642 2856 690 2939 est
707 2859 895 2955 utriusque
916 2858 1091 2954 principio
1114 2936 1117 2940 ,

235 2954 362 3052 „qnod
381 2956 498 3053 primo
522 2957 668 3053 quidem
693 2957 730 3033 in
753 2956 942 3034 voluntate
970 2957 1037 3037 Dei
1059 2957 1123 3037 inn

234 3055 374 3148 „titnr,
399 3055 531 3132 deinde
547 3056 584 3131 in
601 3067 704 3136 onus
721 3055 828 3132 nostri
845 3056 997 3134 exordio
1016 3078 1125 3153 pono

235 3153 351 3248 „dnm
371 3152 431 3228 ost.
457 3153 554 3234 Nom
575 3153 720 3241 incutio
746 3180 811 3244 eo,
840 3157 937 3258 quod
960 3158 997 3232 in
1018 3167 1113 3232 mat

232 3275 309 3346 „na
320 3252 404 3330 alvo
419 3253 466 3329 nd
481 3255 756 3350 conceptionem
769 3257 929 3353 corporis
946 3255 1113 3352 deponit

233 3363 459 3453 „antequam
485 3350 687 3438 formetur,
730 3355 878 3454 perspici
907 3355 1072 3437 membro

45 3454 49 3465 '
177 3500 179 3505 -
233 3448 437 3543 ..diffinitio
457 3451 609 3549 neqnit3
645 3449 693 3527 fic
717 3476 785 3533 nec
804 3455 860 3530 vis
890 3454 1072 3535 animine
1098 3476 1117 3530 r

235 3548 374 3645 „nendi
390 3547 524 3646 potest,
552 3565 749 3648 antequam
770 3555 817 3629 ad
838 3551 1045 3631 effeiiionen
1072 3476 1125 3634 fn

118 3728 122 3735 ,
238 3647 330 3739 „itta
349 3649 609 3745 progrediatur.
652 3652 749 3729 Sane
766 3675 851 3726 cum
871 3665 1057 3730 amortuo
1075 3676 1122 3735 co

236 3768 352 3844 „pote
375 3747 475 3825 nnita
494 3749 540 3827 ad
561 3751 834 3848 conceptionem
858 3751 1013 3833 incultas
1031 3775 1115 3835 exc

175 3890 183 3917 ι
238 3859 391 3944 „notun
420 3847 479 3924 sed
502 3849 645 3935 nvivo,
669 3870 757 3924 vero
785 3850 1066 3934 consentaneum
1086 3876 1107 3927 e

111 4012 115 4019 .
238 3969 312 4041 „ne
345 3944 436 4023 iliud
461 3949 609 4044 quidem
640 3962 827 4026 mortuum
860 3951 952 4040 effe,
988 3952 1087 4049 quod
1120 3991 1125 4016 ι

240 4067 419 4151 „corpote
447 4048 532 4128 viro
565 4048 612 4129 ad
637 4050 900 4153 procreandum
923 4073 1003 4134 rem
1034 4053 1119 4170 vion

1019 4171 1122 4247 „emt
