2250 4732
152 596 209 685 'de
241 592 464 711 Profiffiorre
500 594 730 702 martiana.
829 630 915 717 ⁵¹³

61 798 238 899 ›petitu'a
259 795 360 873 maso
385 794 605 885 alienemur,
639 797 731 877 nihil
754 797 913 877 laborio-

61 920 103 975 m
135 896 242 973 nobis
273 898 454 992 firaecepit
491 896 732 994 Evangelicus
763 900 914 979 Sermo:

61 1016 144 1095 ique
164 996 261 1075 euim
325 996 389 1069 bor
411 995 622 1091 conjunctus
641 996 690 1075 eii
710 997 915 1089 affetiioni,

61 1096 83 1173 d
97 1096 187 1173 lieet
204 1095 311 1171 nobis
326 1094 462 1191 absque
478 1093 554 1170 ulio
570 1099 728 1191 negotio,
749 1120 911 1195 quocun·

61 1194 292 1283 ovarimus,
316 1216 380 1295 per
401 1195 640 1289 cogitationes
665 1200 848 1275 accedere.
972 1232 975 1236 ·
1055 1194 1062 1205 '

66 1395 106 1469 d.
131 1391 285 1490 ..itaque
316 1390 454 1467 volenti
479 1389 588 1467 facile
612 1391 688 1480 eii,
729 1392 910 1471 coelestem

61 1502 112 1569 tae
131 1491 393 1567 traduttionem
417 1489 475 1565 vel
502 1493 540 1567 in
567 1502 663 1566 terra
689 1492 841 1581 habere,
868 1493 907 1583 fi,

61 1590 333 1669 temndmodum
346 1588 587 1683 Evangeliom
604 1592 815 1687 praeseribit,
836 1616 911 1671 ooe·
1073 1618 1076 1625 ·

61 1688 124 1767 iiia
155 1688 363 1788 sapiamus,
401 1688 601 1767 ceretium
623 1690 842 1780 afficiamur,
869 1692 908 1769 dt

85 1788 265 1869 thesauris
280 1787 481 1869 caelestibus
505 1789 651 1865 virtutis
677 1791 824 1867 divitior
843 1792 908 1867 de·

61 1910 215 1966 marnur.
260 1886 318 1965 Ne
333 1892 414 1985 quis
437 1887 549 1980 igitur
571 1886 606 1963 sa
632 1891 754 1965 animo
775 1894 907 1969 demit·
1024 1908 1053 1923 ··

61 2000 97 2075 t,
123 1990 236 2075 dum,
262 2008 344 2085 quae
363 2010 427 2083 pro
445 1985 581 2061 viribus
600 1988 671 2063 suia
693 1987 907 2085 potesi,·di·

61 2090 119 2165 nit
142 2086 254 2171 insert
274 2086 470 2169 thesauris,
496 2084 594 2181 qnasi
619 2108 685 2183 pro
716 2089 827 2163 modo
843 2112 908 2163 eo·

61 2208 135 2275 rur,
161 2206 246 2283 quae
269 2187 427 2273 dederit,
454 2197 682 2281 recepturum
713 2188 771 2261 sed
791 2186 908 2284 speret
1024 2264 1032 2279 ,

61 2296 127 2365 xta
144 2283 442 2384 pollicitationem
465 2282 562 2378 ejus,
589 2285 650 2383 qui
667 2284 780 2375 dixit,
808 2284 908 2383 quod

61 2408 158 2486 agna
180 2383 361 2485 pervinit
383 2400 675 2478 comparaturus,
707 2382 909 2464 roeieflibna

61 2486 171 2563 idern
191 2498 359 2571 terrena,
387 2482 610 2585 sempiternis
639 2506 724 2561 vero
749 2486 823 2563 oiro
843 2508 909 2585 pa-
1054 2530 1060 2541 ι

61 2600 137 2665 mre
160 2598 392 2683 permutans,
426 2606 508 2682 quae
531 2582 618 2661 talis
641 2599 782 2661 naturae
812 2586 904 2674 sunt,

61 2700 204 2781 tneque
221 2698 344 2761 mente
359 2687 504 2783 percipi,
523 2704 639 2780 neque
646 2684 823 2759 Sermone
840 2707 921 2759 ax··

61 2784 153 2861 icari
185 2782 350 2881 possint,
400 2782 611 2883 dequibus
643 2782 765 2859 divina
798 2784 908 2859 docet

61 2884 231 2981 triptota,
259 2882 357 2981 quod
372 2904 490 2980 neque
511 2884 639 2959 oculus
663 2882 817 2969 viderit,
844 2906 910 2957 ne·

61 3006 96 3061 te
117 2984 219 3058 auris
242 2985 438 3069 audiverit,
466 3004 583 3080 neque
607 2982 644 3057 in
669 3002 732 3055 cor
751 2978 910 3059 homin'u

61 3082 242 3257 iendsedt,
270 3103 353 3182 qnae
370 3082 626 3182 praeparaverit
640 3079 740 3157 Deus
756 3080 910 3180 edinen,

61 3202 123 3261 m
160 3204 194 3259 Θ.
