2250 4732
75 598 83 623 ·’
141 628 228 753 ora
365 586 629 728 burigun
657 613 863 733 Nyffee·
930 620 948 739 j

21 900 23 905 ,
139 816 278 910 „Quod
302 824 427 893 nutem
449 841 547 895 nunc
573 818 874 917 contemplationi
897 838 990 918 prop

3 914 7 923 “
139 936 247 1011 „tum
265 916 332 1004 eii,
345 917 559 995 ineoneffum
578 934 679 1016 patet
694 919 807 1003 effe&
823 920 990 997 reterns

136 1017 262 1112 ,uum
286 1016 526 1111 Sanstotum3
569 1042 655 1095 nam
684 1020 710 1094 ii
737 1019 863 1094 videre
890 1019 990 1095 Deun

135 1118 264 1211 „nulia
293 1138 334 1191 re
363 1115 520 1216 superari
549 1118 663 1215 potest
687 1119 725 1194 in
754 1118 886 1206 bono,
939 1119 988 1194 iiii

133 1216 233 1312 „Dei
258 1215 338 1301 fieri
359 1239 506 1294 omnem
530 1216 636 1315 piane
661 1217 803 1314 superat
823 1218 990 1295 felicitate

134 1316 303 1413 {inperat
320 1327 448 1393 votum
469 1316 613 1416 prosper
638 1315 810 1393 sucoeffus
826 1317 865 1395 dt
882 1316 990 1395 felicit

134 1437 248 1514 „quae
273 1417 502 1513 consequitur
523 1473 533 1503 ‚
557 1414 662 1513 supra
687 1415 785 1513 spem
806 1418 971 1505 donum,

126 1537 220 1615 „pra
242 1530 409 1592 naturam
423 1515 540 1611 gratia
561 1515 619 1592 eii„
672 1517 769 1604 Quid
796 1515 844 1592 est
871 1515 990 1603 homo.

131 1638 244 1709 „curn
272 1614 395 1691 divina
416 1632 547 1691 natura
576 1615 843 1713 comparaturi
881 1616 990 1692 Terra

1 1712 4 1720 '
127 1715 261 1808 „einim
340 1712 441 1790 Deus
464 1730 589 1791 autem
613 1717 700 1812 quid
724 1713 809 1791 esti
853 1716 990 1803 Quomo

132 1813 279 1906 „dicam
290 1816 422 1930 3pquod
439 1812 625 1930 ineffabile
641 1813 680 1891 dt
700 1815 990 1931 inenplicabilee

17 2034 21 2041 ,
127 1912 681 2106 :brittinorii
702 1914 990 2090 diffinit

128 2112 361 2205 ,.aiiumitur‚
388 2113 601 2208 dignitatern
632 2116 744 2210 patris
768 2115 896 2200 habet,
924 2113 990 2212 ἀι

125 2227 341 2304 „ternorum
368 2212 546 2294 bonorum
574 2212 693 2287 haeres
715 2213 845 2289 existit.

202 2436 238 2486 2.
263 2407 347 2497 „Ac
362 2408 554 2504 praemium
569 2409 717 2506 quidem
737 2409 990 2486 certaministn

9 2508 113 2599 mim·
127 2517 234 2601 „tum
259 2507 332 2593 est,
368 2522 553 2583 certamen
579 2531 666 2584 vero
692 2509 791 2604 quod
814 2507 834 2581 2
868 2510 909 2584 Si
930 2508 990 2583 fno

124 2607 326 2708 ‚‚paeificus‚
354 2608 492 2703 inquit,
521 2608 728 2705 adoptionis
745 2608 877 2682 decore
893 2630 990 2682 coron

124 2713 259 2801 „berin
317 2707 411 2782 Mihi
426 2708 538 2782 etiam
560 2731 652 2806 opus
669 2707 740 2780 hoc
755 2706 869 2803 ipsum
886 2708 990 2783 alteru

54 2828 57 2833 ·
122 2809 289 2900 „donum
311 2805 379 2881 effe
403 2807 566 2893 videtur,
595 2807 682 2903 quid
706 2807 804 2881 enim
827 2806 990 2884 hominib¹

121 2908 226 3000 „vita
252 2905 403 3002 pacifica
431 2907 575 2982 dulcius
604 2904 694 2981 est?
734 2905 831 2981 Nam
863 2905 890 2980 sr
920 2928 990 2982 omn

122 3002 359 3103 „suppetann
395 3005 554 3093 divitiae,
584 3010 677 3080 bona
706 3004 898 3092 valetudo,
924 3004 990 3082 &r

55 3119 57 3122 ⁴
120 3106 267 3202 ,‚liqua‚
305 3104 405 3202 pacis
430 3124 515 3180 vero
548 3111 683 3181 bonum
707 3103 796 3195 abiit
821 3131 829 3189 ;
858 3105 947 3201 quid
971 3102 990 3181 ii

119 3204 319 3302 „proiunt‚
353 3204 448 3278 bello
466 3227 590 3279 eorum
609 3205 822 3279 fruitionem
835 3205 990 3303 impedio

89 3296 222 3397 ’,Μ
259 3303 356 3399 Ergo
382 3303 446 3398 qui
472 3304 678 3380 mercedem
701 3306 766 3378 tibi
793 3307 976 3401 proponit,

119 3403 193 3576 „gb
226 3402 469 3577 inpomprodis
497 3402 582 3477 beili
609 3403 843 3575 abgiinuerrs,
868 3402 990 3519 duoti

118 3555 144 3594 ,‚
171 3526 243 3577 ona
279 3523 355 3597 argi
374 3523 426 3588 ur,
455 3525 568 3576 unum
613 3523 647 3577 ur
676 3527 732 3577 em
751 3524 942 3597 praemrum
957 3524 990 3577 or

99 3603 309 3695 ¹„taminim
326 3601 483 3676 aiterum
500 3524 720 3698 veroqipsum
739 3619 936 3679 certarnen.
962 3599 990 3677 Pi

117 3700 218 3791 „hoo
242 3701 354 3796 igitur
379 3703 665 3796 magnitudinem
704 3703 944 3778 humanitatis
968 3720 990 3791 ιι

115 3799 289 3892 „noscere
314 3800 421 3887 licet,
449 3803 547 3896 quod
574 3803 688 3874 bonas
721 3804 990 3877 remunerationi

113 3922 214 3992 „non
239 3900 423 3975 laboribus
456 3901 514 3974 sed
542 3903 653 3975 animi
675 3901 812 3975 delitiis
835 3901 990 3997 largiatur

113 3996 168 4091 „fi
188 3998 299 4074 modo
317 4000 599 4088 exhilarandum
616 4021 736 4074 rerum
755 4015 865 4097 capot
882 3989 990 4099 pnxri

57 4110 60 4115 '
112 4118 251 4199 „quum
275 4122 351 4176 non
375 4100 488 4203 modo
510 4099 583 4200 ipie
610 4099 763 4199 quilibet
784 4102 920 4179 habent
934 4092 990 4269 ..ss

888 4214 978 4297 nen.
