2250 4732
138 548 141 552 ·
215 531 354 605 contro
381 512 656 605 Eunomiram
803 536 889 632 407
1005 640 1009 649 ‚

10 714 106 793 tore
129 713 297 814 ejusdem
319 727 459 794 naturae
489 714 635 796 divinae.
710 713 886 893 Reliauaa
932 788 937 797 .

10 836 87 931 [ατε
112 814 176 891 hic
192 839 240 891 ex
258 816 437 894 Eunomio
466 815 577 892 refert
598 816 637 894 S.
664 815 787 913 Grego
819 800 898 904 ua(

10 936 27 989 r
51 915 92 991 iu
117 913 204 991 sano
224 916 323 993 lenln
348 916 598 1012 accipiantur,
641 940 714 992 non
733 915 889 993 soluma

10 1014 206 1091 :acholius
227 1039 301 1092 non
324 1013 559 1111 rejiciuntur,
585 1015 644 1091 sed
666 1018 776 1094 etiam
797 1016 887 1113 dog·

10 1136 61 1190 na
88 1114 320 1193 Catholicum
343 1117 390 1192 de
410 1115 600 1191 divinitate
619 1113 778 1213 Spiritus
793 1114 886 1203 Sao·

10 1211 45 1291 ti
68 1212 284 1291 confirmare
303 1213 462 1314 possunt,
504 1216 704 1292 dummodo
726 1217 883 1295 latenter
964 1242 968 1261 ¹

10 1336 35 1387 n
60 1315 110 1391 iic
130 1312 286 1391 fallaciae
308 1332 598 1412 praecaveantur,
624 1336 716 1415 quas
735 1317 775 1394 S.
791 1316 885 1395 Grc·

10 1412 125 1509 toriur
148 1414 314 1510 detegit,
338 1412 377 1490 dt
401 1413 574 1516 explodit.

254 1580 586 1707 crunam.
1010 1562 1014 1571 ¹

30 1811 116 1945 „ln
137 1810 207 1887 hac
219 1809 392 1890 Oratione
408 1811 515 1887 tertia
534 1810 573 1887 S.
592 1810 794 1908 Gregorius
808 1809 879 1911 pri·
889 1813 1012 1899 legent

10 1988 90 2089 aa
114 1912 335 2097 amitti?
359 1909 651 2087 ‘alitilia
669 1913 876 2089 tillir·
889 1915 1061 2072 W

10 2112 96 2209 luod
114 2110 276 2187 divinum
294 2032 402 2198 cinq&
411 2109 692 2207 incorruptibile,
709 2069 888 2208 accipian:
1056 2104 1062 2121 '

10 2209 134 2295 laeli,
157 2206 218 2287 sed
240 2211 287 2285 de
304 2234 372 2299 ec,
397 2210 494 2307 quod
510 2230 573 2307 per
595 2209 886 2291 incarnationem

10 2322 309 2407 ontemperatnrn
330 2310 379 2388 eli
399 2334 446 2391 ex
466 2321 588 2386 creata
606 2320 736 2386 natura
755 2308 884 2390 nolito.

10 2404 109 2499 tuoe
125 2423 168 2484 ut
191 2409 557 2496 relutetEunornius,
584 2407 883 2507 &Unigenitum
1044 2449 1059 2481 o

10 2508 212 2589 :matonam
246 2508 404 2596 astruat,
438 2511 517 2584 ait:
557 2508 733 2587 Genitum
766 2508 884 2587 filium

10 2608 76 2687 effe.
105 2608 179 2685 Sed
191 2633 359 2708 gennano,
377 2609 448 2685 stne
464 2607 671 2707 progeniem
681 2608 884 2689 dicerenon

10 2706 225 2797 eeusamuc,
248 2732 332 2785 cum
352 2710 426 2807 ipla
442 2706 566 2804 genita
580 2705 737 2794 edentia,
765 2706 803 2784 dt
823 2707 885 2785 Fi·

10 2808 37 2889 tl
68 2805 266 2905 appellatio
299 2808 411 2885 talem
444 2808 633 2885 nominum
668 2807 885 2885 relationem

10 2906 61 2989 ini
85 2906 278 2984 vendicare
302 2904 413 3006 polle.
484 2905 591 2983 Unde
615 2904 798 2989 elientiam
819 2928 884 3003 gc·

10 3008 117 3087 ritum
139 3006 207 3083 elie
231 3006 347 3101 dicit;
379 3005 497 3082 fillum
521 3027 608 3080 vero
637 3004 794 3083 elleotiae
819 3028 884 3101 ge·

10 3108 87 3185 ritae
104 3102 172 3185 effe
188 3128 334 3186 nomen.
385 3106 459 3183 Sed
478 3108 515 3181 in
535 3107 594 3181 his
612 3105 772 3202 maligne
791 3106 880 3202 agit,

10 3208 89 3285 lum
112 3206 201 3283 dicit
222 3206 493 3304 generationem
510 3203 686 3295 edentia,
714 3216 757 3280 nt
772 3204 884 3281 elien·

10 3306 129 3387 iarum
148 3307 244 3383 inter
258 3307 293 3383 sc
308 3306 601 3383 contrarietatem
621 3304 884 3394 altmannum

10 3432 63 3487 us
85 3408 123 3484 in
145 3404 201 3494 id,
252 3405 325 3481 uod
348 3409 513 3503 genitum
533 3404 602 3493 eli,
627 3404 668 3481 dt
690 3430 764 3482 non
783 3407 885 3503 geni·

10 3530 79 3587 um
107 3504 154 3583 ad
178 3506 212 3580 d’
243 3506 418 3583 arentiam
447 3515 587 3583 naturae
614 3505 755 3584 dividit.
811 3505 883 3585 At·

10 3608 123 3706 mitur
146 3605 259 3682 etiam
284 3605 514 3702 aggrellronis
539 3604 613 3683 suae
629 3604 666 3682 in
683 3630 752 3682 uos
769 3604 885 3682 imbe-

10 3704 154 3787 illitan:
175 3705 238 3803 qui
252 3709 350 3782 enim
367 3705 550 3783 clientiam
568 3705 729 3802 genitam
746 3704 814 3781 elle
829 3704 886 3782 di·

10 3806 58 3885 rit
76 3860 90 3894 ,
115 3803 215 3881 aliud
231 3804 403 3903 quiddam
419 3805 487 3881 effe
507 3807 776 3902 generationem
794 3826 888 3904 prae·

10 3928 61 3987 mr
78 3902 261 3982 edentiam
278 3917 401 4002 aperte
415 3902 559 3991 definit,
586 3907 638 3981 lta
652 3917 696 3982 ut
718 3908 814 4004 quod
826 3929 891 4001 ge·

10 4002 209 4089 matiam
234 4002 382 4087 nominc
409 4002 651 4181 ligngicatm,
684 4030 757 4086 uon
779 4002 883 4187 είῖῐείιιιε

526 4127 595 4200 ⁰4
790 4157 818 4201 et
1008 4196 1016 4209 ,
1059 4168 1063 4177 =

822 4444 829 4459 .
939 4222 1068 4487 ιΑ
