2250 4732
223 546 274 684 'de
308 545 468 687 Unirore
500 597 585 731 Dei.
655 564 668 663 ¹-
738 576 744 587 ⁸
775 584 877 716 44³1*

69 761 156 969 trnist'
172 746 303 874 Sentio
334 794 463 878 Deitas
497 795 616 887 adiit,
661 750 761 898 duod
791 782 861 879 irri-¹

69 919 81 970 r
105 919 127 970 e
155 951 166 972 .
374 915 378 922 ·

93 1090 231 1178 „Porro
254 1091 351 1191 quod
377 1091 496 1167 abste
520 1088 678 1185 dicitur,
704 1094 779 1173 tale
793 1094 854 1183 est,
868 1098 1056 1168 Narerede-

69 1213 133 1276 us,
167 1193 395 1292 &Jacobum
428 1189 466 1270 dr
494 1186 678 1287 loannes,
713 1218 795 1270 curn
818 1187 1000 1271 inprurrtus

85 1289 153 1365 ssot
175 1293 333 1369 humana
358 1306 497 1373 natura,
519 1302 594 1367 tres
618 1295 783 1370 homines
803 1293 854 1370 di·
867 1290 908 1368 ⁰²!
938 1269 1014 1335 *ὥ

69 1411 137 1465 ur:
161 1391 185 1468 sr
203 1392 314 1486 igitur
329 1389 404 1464 illic
416 1389 486 1462 hoc
498 1390 715 1469 consuetudo
730 1416 856 1469 conce·
869 1355 997 1422 ‘'mm''

69 1489 862 1668 suntutatriitstttestt·
907 1519 910 1526 ’

69 1746 72 1766 r
99 1686 137 1763 dr
156 1689 263 1775 Filii,
294 1689 330 1764 dr
355 1687 511 1786 Spiritus
534 1688 653 1764 Sanus
681 1691 863 1789 dieentes,
1005 1732 1038 1773 ·‚

88 1801 210 1866 autern
241 1789 329 1864 deos
360 1790 478 1862 dicere
503 1787 700 1865 vetantes?
722 1790 795 1865 Sed
815 1792 863 1868 ad
1037 1834 1044 1849 ·
1091 1806 1096 1814 '

81 1889 235 1964 dicimus
262 1889 444 1984 primum,
480 1885 626 1964 abusum
650 1887 717 1963 eise
739 1904 863 1986 qneru-

69 2016 72 2058 ι
95 1987 390 2073 consuetudinis,
428 1999 469 2060 ut
491 1986 553 2060 ede
575 1986 636 2083 qui
660 1999 787 2063 natura
809 1990 864 2064 di·

78 2109 151 2159 nnn
185 2084 299 2173 suot,
333 2107 396 2181 per
423 2083 535 2182 ipsurn
562 2096 701 2163 naturae
732 2109 864 2164 nomen

70 2182 175 2260 aliter
198 2187 459 2271 nominemur,
488 2182 525 2258 dr
548 2183 734 2274 dicamus,
757 2187 864 2264 multi

69 2285 177 2376 rines;
206 2286 266 2360 cui
283 2283 393 2360 srmiie
409 2283 476 2369 est,
504 2280 610 2381 liquis
626 2284 743 2360 dicat:
768 2286 864 2362 mui-

69 2394 206 2461 naturae
238 2383 417 2459 humanae.
463 2382 556 2460 Cum
581 2385 676 2460 enim
705 2385 865 2483 appella·

69 2508 72 2551 ι
96 2483 285 2579 aliquem,
312 2506 385 2557 non
415 2505 462 2560 ex
486 2497 614 2559 natura
638 2506 720 2559 enm
749 2486 865 2561 nonis
926 2501 929 2507 ’

69 2605 139 2669 rus,
165 2604 211 2656 ne
233 2583 479 2678 unnsquisque
504 2582 538 2655 se
563 2583 734 2680 appellari
738 2598 865 2756 putet,

73 2682 252 2781 propriam
286 2682 319 2757 ei
342 2680 542 2780 impositam
564 2704 711 2770 uocem,
800 2707 865 2758 no·

69 2811 73 2855 r
96 2779 318 2880 proferentes
345 2782 398 2856 ite
418 2789 540 2855 eum'a
563 2779 795 2856 multitudine
814 2781 867 2857 se·

69 2902 177 2965 rmus;
209 2879 245 2954 dr
272 2879 497 2976 hypostaseos
520 2881 668 2976 quidem
687 2881 780 2957 ratio
803 2902 866 2980 per

91 3000 173 3076 quae
197 2979 233 3055 in
247 3000 466 3074 unoquoque
482 2974 759 3068 confideruntur,
784 3003 867 3077 pro·

69 3093 164 3156 tates
195 3077 473 3174 dispertitionem
504 3078 694 3166 admittit,
738 3093 868 3181 natura

69 3201 172 3253 »una
198 3174 265 3263 est,
290 3198 372 3274 quae
395 3200 461 3252 nec
483 3173 678 3275 adjectione
701 3194 868 3275 augetur,
937 3225 941 3243 ·

84 3274 318 3352 subtratiione
343 3275 525 3353 minuitur.
601 3274 706 3353 Unde
737 3278 869 3356 meliur

69 3389 86 3453 t
112 3377 287 3470 corrigere
313 3375 627 3460 consuetudinem,
653 3374 776 3453 &non
791 3400 868 3455 am·

69 3488 249 3551 suaturae
280 3499 409 3553 nomen
437 3474 483 3549 ad
506 3473 778 3552 multitudinem
804 3474 868 3552 er·

69 3576 170 3661 iere,
195 3597 303 3670 quam
328 3572 573 3650 consuetudini
600 3572 792 3652 servientes
812 3598 869 3653 er·

69 3699 138 3767 m,
167 3673 229 3770 qui
252 3673 311 3748 hic
333 3673 455 3757 latet,
486 3672 601 3767 „etiem
630 3673 677 3749 ad
705 3675 869 3754 divinum

69 3797 125 3850 ma
155 3771 358 3849 transferre.
391 3857 394 3861 .
423 3772 496 3847 Sed
526 3776 697 3870 quoniam
722 3774 870 3853 consue-

71 3872 129 3948 uis
163 3870 333 3948 coneum
366 3868 521 3947 difficilis
559 3868 609 3946 eii
626 3926 655 3961 ‚,
687 3877 870 3973 quomodo

69 3996 87 4049 u
115 3969 223 4047 alicui
246 3970 446 4069 persuaderi
470 3967 598 4067 possit,
621 3984 664 4048 nt
687 3988 760 4048 non
776 3972 870 4052 mul·-
960 3968 963 3981 '

79 4071 179 4152 dicat
206 4070 406 4158 homines,
455 4083 629 4169 quantum
658 4073 789 4150 attinet
824 4073 871 4148 nd

426 4169 541 4268 Ees
748 4172 870 4271 „hauc
985 4228 990 4244 ,
