2250 4732
124 521 216 655 ⁷¹⁶.
294 538 304 557 ‘
345 512 390 609 S.
427 515 615 627 Gregorii
648 512 826 635 Nyfferrr'

9 730 94 811 poris
115 714 130 721 “’
204 747 260 798 10.
289 717 431 806 ..Quod
461 728 588 791 autem
623 741 673 809 ne
705 723 870 821 corporis
895 722 973 823 pii!

15 844 95 885 mor·
127 840 285 913 „natura
319 818 461 895 inutilis
493 818 537 893 iit
566 818 614 893 ad
644 844 759 907 eam,
795 826 972 922 quanuip

15 907 114 1005 resor—
129 928 311 1011 „tremum
340 918 520 993 bonorum
539 918 661 1015 t'pern,
700 944 752 997 ex
773 948 818 1000 eo
833 922 970 999 denub

0 1024 1 1036 ’
40 1040 50 1059 ·
126 1016 758 1115 „tur:nans1qnidemeffemns,
797 1024 884 1121 quon
898 1022 969 1097 rii

127 1144 208 1211 „uo
232 1119 398 1205 fuimns,
434 1118 695 1196 reformatione
728 1147 805 1198 nnn
838 1142 968 1219 egum

127 1222 243 1315 „quia
269 1239 355 1293 vero
384 1218 513 1294 fraude
545 1218 683 1296 inimici
716 1216 967 1317 primaeoanst

33 1382 36 1391 .
128 1317 398 1415 „claritudinem
422 1317 632 1405 amisimus,
681 1323 766 1396 usus
791 1322 967 1418 corporis»

129 1416 322 1505 „coriarius
341 1416 461 1493 'nobis
492 1419 607 1493 fotius
634 1417 707 1507 eit,
754 1443 816 1518 per
837 1420 913 1519 quoi
928 1434 968 1507 ιι,

126 1520 310 1611 „liberum
339 1518 527 1594 arbitrium
560 1518 750 1606 terretur,
789 1519 827 1596 δι
845 1514 965 1599 nuni

126 1621 293 1711 ,monum
317 1621 456 1693 reditur
472 1643 544 1691 non
559 1618 768 1712 impeditur.
793 1623 863 1697 Sed
879 1616 962 1695 horn

125 1718 257 1809 „cuitu
296 1720 401 1793 nobis
423 1718 545 1811 sponte
571 1716 688 1793 nostra
708 1720 757 1793 ad
781 1712 965 1797 meliorent}

124 1817 361 1908 „raetiarum
389 1816 573 1914 propeniio
605 1816 669 1908 fit3
721 1820 803 1895 aliis
828 1812 992 1917 quidu'fl

125 1919 231 2007 „vita
256 1916 355 1993 suaa
379 1917 475 1991 vitiis
501 1916 709 1992 abstinendo
733 1910 967 2016 spiritualena'·
987 1940 992 1977 ι

129 2032 235 2107 „tam
256 2014 538 2117 assequentibus,
570 2016 719 2113 reliquis
744 2042 829 2094 vero
852 2021 885 2093 in
900 2016 969 2115 μ’

15 2142 100 2212 goto-
133 2123 255 2213 ⁸,torio
277 2121 362 2215 igne
386 2114 550 2192 affectum
571 2120 842 2206 amittentibus,
865 2132 985 2213 quon

133 2221 264 2309 „teriae
291 2218 404 2293 dediti
423 2216 511 2291 sunt.
564 2216 735 2291 Desinant
751 2220 945 2315 ignorum

125 2317 337 2412 „temerarii
360 2318 501 2411 corpori
523 2316 765 2401 maledicere,
803 2344 869 2415 quo
896 2330 969 2379 nu

123 2421 215 2514 „per
231 2419 558 2511 regenerationem,
584 2417 644 2491 ubi
662 2431 742 2492 tum
767 2416 920 2516 superflua
937 2450 941 2476 ι
968 2433 970 2470 ff
991 2414 993 2429 '

123 2519 312 2609 „inutiiia,
361 2531 537 2614 quantum
569 2517 700 2592 attinet
732 2519 782 2593 ad
816 2520 903 2593 niun

120 2620 300 2710 „future
327 2641 423 2693 mors
440 2618 714 2710 expurgaverit,
743 2619 781 2693 in
799 2615 927 2711 augusti
948 2661 951 2666 -

120 2718 302 2815 „speeiem
324 2717 580 2791 transformato
606 2718 752 2794 animus
779 2718 970 2793 exornante·

121 2832 222 2909 „non
266 2818 362 2893 enirn
396 2819 523 2890 eadem
558 2817 594 2889 in
631 2820 756 2895 futura
790 2840 916 2915 quoque

117 2918 359 3013 „uiuierunt‚
388 2918 434 2990 ad
465 2939 554 3011 quas
572 2937 628 2989 res
654 2941 752 2993 nune
783 2910 992 3021 idumei*

114 3020 202 3112 „sed
235 3020 398 3114 proprius
430 3022 497 3090 erit
524 3014 597 3089 usui
628 3015 727 3092 iilius
753 3020 839 3095 vitae
866 3040 903 3092 cn

113 3117 249 3213 „nostri
274 3139 488 3212 apparatus,
513 3133 754 3206 congruenter
782 3120 829 3193 ad
852 3118 966 3223 b⁰¹¹'.·
992 3146 995 3151 ·

111 3219 450 3317 „participationem
491 3214 689 3309 dispoiitus.
758 3217 887 3291 Multas
921 3259 936 3272 -=
965 3223 984 3234 ’

111 3341 236 3411 „nunc
257 3317 451 3412 qualitates
468 3331 594 3389 natura
613 3318 778 3410 corporis
800 3318 906 3399 habet,
928 3346 949 3370 ν
991 3324 995 3335 ’

72 3500 76 3509 ,
113 3420 179 3510 „in
212 3417 376 3515 praesenti
407 3416 553 3511 quidem
583 3415 656 3489 vita
691 3417 736 3489 ad
764 3418 908 3512 aliquam
933 3450 944 3460 Ν·
986 3447 987 3450 “

108 3517 332 3610 „utilitatem
361 3515 553 3588 conferunt
579 3538 589 3605 ;
633 3514 692 3588 sed
720 3520 769 3589 ad
800 3538 895 3597 ean,
925 3548 927 3564 .

109 3618 316 3713 „speratur,
342 3616 483 3689 inutilia
510 3616 599 3689 sunt.
633 3614 740 3700 Quod
758 3618 863 3711 igitur
878 3613 907 3688 in
918 3606 937 3686 .‹

110 3720 233 3809 „circa
259 3717 394 3790 ferrum
414 3716 565 3799 acciiit,
593 3712 740 3789 fornace
757 3716 876 3791 inutile
893 3741 938 3771 „‚‚
983 3736 992 3762 i

107 3832 277 3907 „nente,
321 3816 358 3889 id
384 3817 525 3910 corpori
547 3834 610 3909 per
638 3828 795 3890 mortem
984 3841 989 3860 ·

103 3931 210 4008 „tum
227 3941 336 3989 omne
354 3914 513 4010 rejicitur
530 3930 826 3999 excrementum,
841 3930 892 4009 per
909 3953 914 3962 ·
971 3913 973 3932 '‘
990 4000 996 4011 Ι

100 4038 211 4115 „quae
245 4014 287 4091 fit
324 4017 363 4092 in
392 4013 746 4106 mortificationem,
788 4010 922 4091 soluti
980 4031 982 4038 ·
