2422 4918
240 620 332 721 με.
465 574 522 691 ssn.
553 536 744 717 σαφή-
768 596 945 718 Npffem

243 803 353 899 „iniit
378 804 417 879 in
443 802 591 892 anima,
630 800 670 879 dt
709 802 853 899 corpori
868 799 1006 919 nniiro
1028 800 1152 912 nonni·

244 903 558 1093 :diffindi
582 900 1156 1077 diffinitdffissssffi

244 1102 310 1195 „in
337 1101 510 1199 principio
541 1101 629 1177 vitoe
654 1116 735 1175 tum
766 1101 804 1176 in
830 1100 908 1177 fine
934 1100 1020 1175 Deo
1048 1123 1157 1175 come·

244 1200 377 1293 „niens
395 1203 557 1275 vacuitas
577 1198 781 1275 affestoum.
808 1199 1013 1277 Sed-Deos
1025 1200 1063 1274 in
1078 1214 1156 1273 otro·

242 1306 342 1397 „q'ue
359 1300 438 1374 Deo
454 1301 633 1397 propriam
650 1299 850 1397 potentiam
868 1298 1159 1395 ostendittzquan·

244 1402 320 1493 „do
345 1424 464 1496 neque
487 1397 701 1498 principium
731 1400 928 1497 voluptate
956 1400 1035 1476 fuit
1060 1397 1157 1495 inqui·

244 1509 422 1594 „natum
453 1522 571 1597 neque
593 1498 677 1575 finis
697 1498 1041 1598 incorruptionem
1063 1496 1158 1574 dedit

318 1719 351 1793 5.
380 1695 446 1782 ..Si
470 1696 580 1793 ipitur
604 1696 686 1774 haeo
703 1718 793 1773 voce
809 1694 885 1787 alte
909 1694 1157 1794 praedicamus,

106 1804 116 1825 ‘
245 1794 452 1886 „Christum
486 1819 617 1892 nempe
649 1796 718 1874 Dei
746 1798 922 1871 virtutem
957 1795 1063 1883 effe,
1105 1792 1162 1873 Dei

148 1914 152 1923 ·
245 1892 510 1990 „sopiendam
559 1897 697 1993 semper
720 1894 1030 1982 immutabilem,
1066 1911 1162 1993 quam

124 2008 128 2017 ·
168 2068 171 2079 ,
244 1995 320 2085 „ob
342 1995 485 2071 musam
510 1995 595 2071 odio
620 1992 831 2072 habemur?
861 2018 955 2071 num
979 1996 1096 2073 alium
1115 1996 1166 2095 Je-

112 2106 118 2113 '
185 2092 189 2099 ’
246 2091 350 2184 „ium
381 2093 681 2185 annuntiamus?
732 2118 820 2169 num
851 2092 1054 2189 Virginem
1084 2095 1201 2189 San·¹

248 2196 393 2283 „darm
444 2193 481 2268 dr
515 2194 708 2292 Deiparnm
742 2195 863 2269 nosos.
885 2194 936 2269 est
982 2194 1201 2291 quitqmmi

132 2359 139 2371 ,
243 2292 426 2382 „nostrum
450 2294 725 2391 Hominiparam
760 2294 902 2380 dicere,
953 2315 1034 2390 quo
1059 2284 1201 2369 modo*

246 2391 421 2480 „iliorum
454 2392 653 2466 nonnullos
679 2416 759 2468 eam
785 2394 1034 2468 irreverenter
1053 2394 1165 2469 nomi-

244 2511 358 2580 „nare
383 2490 589 2566 audimus?
631 2512 694 2567 cur
727 2515 813 2588 ergo
838 2491 1008 2587 fugiendi
1032 2490 1167 2591 judice·

245 2589 383 2678 „muri
416 2591 493 2666 Vos
532 2612 617 2665 vero
643 2599 727 2687 lqoo
752 2592 987 2669 deducemini
1011 2616 1035 2668 a
1061 2592 1170 2691 Spiri-

245 2704 335 2778 „to,
361 2688 430 2776 S.,
465 2692 502 2764 in
528 2714 573 2764 eo
595 2704 752 2766 manete.
828 2688 951 2769 Estote
986 2715 1167 2769 memores

245 2788 486 2878 „Santtorum
496 2788 732 2877 Patrumf&
752 2789 886 2878 nolite,
911 2813 1010 2888 quos
1032 2792 1090 2872 illi
1113 2816 1169 2890 po·

245 2886 418 2977 „suerunt
441 2890 636 2976 terminos,
662 2902 824 2976 mutere,
860 2912 982 2988 neque
1009 2889 1166 2989 aspeme·

225 2989 363 3077 ·„mini
381 2988 604 3085 tmplicioris
630 2988 898 3085 praedicationis
923 2990 1166 3077 idiotismum,

244 3108 391 3183 „neque
423 3089 600 3182 potiorem
633 3090 769 3183 putetis
802 3088 1041 3179 dotrrinam,
1090 3112 1166 3189 qoae

242 3208 335 3283 „per
358 3189 475 3260 varias
500 3185 729 3261 succeffiones
753 3191 909 3265 mutavit
933 3213 944 3279 ς
994 3190 1057 3266 sed
1080 3192 1165 3266 anti·

245 3307 354 3381 „quae
380 3285 463 3359 fidei
489 3287 625 3380 regulae
651 3292 871 3377 congruite,
911 3287 949 3363 dr
975 3288 1082 3366 Deus
1107 3314 1164 3389 pa·
1190 3368 1193 3375 ,

243 3385 326 3475 „cis
351 3386 538 3461 vobiscum
570 3385 668 3471 erit,
711 3385 748 3461 dr
767 3387 904 3463 naimo
943 3387 984 3464 dt
1019 3412 1164 3488 corpore

242 3484 488 3572 „valentione
535 3483 715 3561 Dominus
741 3509 807 3561 vos
831 3486 948 3564 servet
977 3488 1164 3591 incorrup-

240 3594 346 3676 ,‚tas,
374 3583 464 3659 sicut
488 3599 667 3681 optamus.

243 3766 335 3835 Nota.
371 3764 532 3832 Gretseros
561 3778 654 3833 tomo
686 3776 763 3851 14to
796 3766 924 3833 snorum
948 3788 1087 3855 opernm
1109 3772 1163 3835 ho·

281 3851 395 3921 miliani
428 3851 498 3916 sntio
528 3853 654 3937 longam
677 3853 708 3917 in
730 3851 760 3916 S.
786 3851 819 3915 S.
839 3853 1018 3937 Apostolos
1043 3856 1161 3920 Petrum

281 3934 316 3998 dt
348 3936 475 3999 Paulum
509 3957 552 3999 ex
587 3937 797 4019 manuscripto
836 3936 974 4005 caesoreo
1009 3961 1083 4004 cnm
1114 3942 1162 4005 soe

279 4018 424 4084 verdone
442 4022 564 4097 edidit,
603 4020 653 4084 sed
675 4038 743 4084 tom
765 4020 837 4104 styli
861 4022 1057 4102 divenditus,
1099 4040 1161 4089 tom

278 4105 372 4169 etiam
394 4109 479 4193 qood
506 4126 624 4173 nomen
656 4105 688 4173 S.
710 4103 858 4192 Gregorii
888 4106 1024 4195 Npiieoi
1044 4116 1083 4176 nb
1108 4112 1160 4173 ini·

261 4225 266 4235 ·
1113 4196 1160 4262 tio
