2250 4732
137 580 273 701 Oratio
302 617 348 702 de
376 572 695 748 dormientibu-
781 644 863 735 71¹
943 574 946 581 .

70 864 74 880 ·
100 810 190 901 „Ad
211 812 283 891 hoe
310 814 433 913 itaque
456 816 591 895 bouum
624 816 769 895 anitum
796 815 864 896 hu·
873 842 993 912 pum,

70 934 105 987 us
121 936 143 988 a
159 912 295 991 carnali
304 916 382 990 vita
396 915 532 1005 tranlit,
542 918 756 1015 praesentem
775 917 1043 998 vitaeauuaaa

70 1014 217 1089 itionem
258 1013 296 1090 a
324 1012 454 1091 statum
483 1040 566 1093 cum
595 1017 669 1096 aliu
702 1017 861 1118 quodam
870 1011 952 1080 tudo.

70 1125 214 1199 nutans,
231 1115 469 1212 quemquam
487 1114 548 1204 stt,
572 1117 638 1207 illi,
654 1118 716 1219 qul
731 1120 860 1217 etiam·

75 1234 160 1287 cum
183 1235 291 1287 earne
307 1214 496 1291 commixti
521 1216 619 1305 lunt,
643 1216 767 1294 exalte
783 1235 861 1291 cer·

81 1335 155 1386 nou
178 1311 348 1409 poliunt:
391 1312 455 1389 sed·
476 1338 523 1389 ex
549 1315 781 1394 subduftioue
799 1336 861 1390 ea·

79 1433 225 1499 rerum,
271 1433 354 1510 quae
391 1414 581 1512 perhanc
622 1417 736 1494 vitam
759 1426 860 1491 ηοω

69 1566 77 1601 ,
104 1509 180 1586 fieri
207 1511 338 1609 potest,
364 1524 407 1587 ut
424 1534 488 1606 per
517 1513 860 1593 similitudinemre-

88 1611 136 1684 ad
176 1611 332 1687 invicem
369 1612 584 1690 collatarum
617 1617 738 1715 eliqua
772 1634 859 1690 cou-

69 1730 104 1783 ra
135 1710 307 1807 capiatur.
339 1709 466 1809 Neque
491 1714 588 1788 enim
607 1715 764 1815 amplius
780 1713 858 1788 aui·
954 1720 957 1725 '

69 1803 263 1885 raffitudiui
279 1832 463 1908 corporeae
472 1810 520 1887 est
528 1813 714 1911 implicita,
740 1823 859 1908 ueq'ue

71 1908 309 2006 quipollentia
333 1909 574 2009 oppolitomui
596 1916 692 1990 inter
706 1912 741 1988 se
765 1910 858 1988 vivit

69 2021 264 2096 emotum,
310 2010 349 2086 iu
381 2032 452 2111 qua
490 2011 581 2088 nihil
614 2010 854 2098 contrahitur,
888 2052 892 2061 ·

82 2120 299 2194 evacuatur,
328 2108 386 2184 vel
404 2130 594 2205 gravatur,
619 2112 707 2188 dum
728 2129 860 2185 onera·

80 2207 168 2302 quin
185 2209 304 2283 etiam
321 2207 394 2282 illie
408 2208 599 2298 molestiis,
627 2207 711 2310 q'uae
729 2232 776 2284 ex
792 2207 857 2285 fri·

88 2303 127 2381 &
152 2304 239 2382 aeliu
271 2308 469 2395 accidunt,
497 2309 680 2388 liberatur.
705 2306 780 2386 Sed
805 2306 857 2384 lbi

69 2403 214 2493 ituitur‚
242 2407 305 2483 ubi
329 2408 375 2483 ab
396 2409 566 2493 omnibu·
583 2408 783 2487 uecellariis
802 2407 859 2482 la·

69 2526 120 2580 us
136 2503 250 2580 libera
274 2506 349 2582 vita
381 2506 448 2594 est,
476 2506 514 2583 iu
534 2529 606 2607 qua
627 2508 686 2586 vel
703 2507 857 2584 servitus

69 2607 270 2689 taminatus,
296 2605 354 2681 vel
366 2620 570 2704 paupertas,
596 2608 656 2685 vel
671 2606 856 2691 nobilitas,

69 2704 297 2801 paulillus,
327 2709 386 2780 vel
402 2708 625 2803 privatorum
653 2704 854 2790 humilitas,

68 2802 860 2981 titilitti'ttl‘etttitali

69 3067 71 3071 ,
100 3002 147 3077 ab
171 3003 341 3079 omuibus
369 3003 428 3079 his
460 3005 535 3080 vita
558 3006 621 3080 illa
637 3005 860 3099 incorporea,

68 3123 115 3177 ua
138 3100 199 3189 id,
221 3102 317 3200 quod
341 3103 528 3179 conservet
547 3107 680 3182 animae
707 3099 864 3178 iubilan-

80 3258 89 3288 ‚
114 3200 249 3277 divinae
274 3213 417 3278 naturae
441 3203 702 3301 contemplatio
731 3200 798 3286 eli,
825 3197 868 3277 δε

68 3323 121 3376 :us
161 3298 268 3377 santii
297 3303 533 3389 communio,
559 3323 712 3401 quarum
744 3320 865 3376 rerum

68 3404 100 3477 io
131 3398 169 3476 δι
201 3398 391 3476 deletiatio
428 3398 566 3499 semper
590 3400 796 3499 implendo,
822 3421 867 3475 ae

68 3520 176 3676 qussm
195 3498 419 3677 fisatietatem
467 3499 680 3602 impletione
711 3502 866 3578 circum·

68 3621 163 3681 mo
221 3611 248 3678 t.

79 3794 203 3889 „Quid
225 3794 336 3891 igitur
364 3793 454 3874 inest
480 3795 518 3872 iu
550 3814 590 3871 re
615 3789 713 3869 triste
739 3848 750 3882 ‚
800 3793 991 3871 memorem
1006 3792 1040 3860 lu

84 3898 208 3973 animo
230 3895 481 3972 vehementius
499 3893 547 3971 ob
563 3892 661 3971 demi
726 3893 863 3968 tionem
872 3878 934 3966 fite
954 3898 1013 3975 ΜΡ

68 3994 254 4075 pariorum
273 3993 543 4071 demittamusi
575 3992 638 4069 nili
681 4002 760 4068 otte
784 3992 866 4088 quis
876 3958 1011 4095 ''W‘’

78 4095 267 4175 muleiium
291 4096 427 4180 ducat,
460 4095 559 4190 quod
586 4092 636 4170 ad
662 4113 763 4178 eam,
784 4112 869 4188 quae

378 4192 503 4290 Zz4
717 4187 869 4289 „pallie-
