2422 4918
18 317 92 358 ιι.“--
161 326 185 345 W
342 338 361 351 η

96 326 312 371 η-*ι-ωη
337 358 375 371 ει..
399 357 452 370 .ι-.·
489 359 490 362 ’

320 610 377 707 ἰο
543 618 589 714 S
609 616 803 734 Gregorii
825 620 995 740 Nyffeni,

201 844 204 853 ·
317 816 381 909 „se
396 752 497 895 inisse
516 819 720 918 separatas,
747 822 846 917 qnod
866 822 967 900 idem
982 821 1203 940 fignificati

316 919 425 1011 „nnis
442 918 480 995 dt
496 922 607 997 nulia.
657 920 840 997 Tertiam
831 924 1164 1019 mterpretatronem
1180 948 1201 997 e

316 1018 500 1117 „Epicuri
509 1022 760 1119 depromptam
777 1021 1007 1118 Philosophia
1027 1022 1100 1098 fine
1116 1021 1210 1099 consa

316 1117 532 1209 „dotatione¹
546 1122 820 1219 relinquendam
839 1121 1015 1237 existimo.

133 1318 171 1383 F
170 1332 256 1383 rm·
392 1342 450 1396 ιι.
474 1314 639 1408 „Verum
656 1317 705 1393 ad
717 1316 917 1393 institutum
931 1317 1089 1395 nostrum
1104 1340 1192 1395 ιοιο

1 1403 2 1498 i
132 1416 266 1471 mmm
314 1426 488 1506 ,,ιιιιιιι,
514 1417 801 1515 videamusque,
831 1416 1016 1513 quoinodo
1030 1419 1149 1535 firma

131 1492 220 1578 4¹¹⁴·
285 1527 410 1611 „tam
432 1516 567 1593 satiem
592 1514 664 1602 dt,
679 1518 778 1616 quod
804 1517 1044 1613 superiorum,
1070 1516 1109 1593 dt
1131 1517 1192 1594 ins

310 1616 451 1708 „tirum
481 1640 659 1713 aquarum
685 1616 883 1692 confinium
914 1619 983 1693 eise
1006 1618 1121 1692 dicit:
1154 1642 1211 1714 eg

309 1715 522 1905 :asima
529 1716 1000 1905 immaturitas:
1010 1717 1206 1893 trdus

308 1938 390 2004 „rae
412 1916 610 2005 sensibilia,
676 1916 782 2011 uod
772 1915 867 2012 ignis
889 1920 927 1994 vi
955 1916 1017 1992 sua
1048 1938 1156 2017 perpe
1209 1955 1211 1975 ι

308 2015 461 2105 „mobili
481 2016 608 2091 ambit
692 2016 749 2091 nis
775 2014 871 2091 enim
895 2014 1026 2103 nescit,
1053 2012 1198 2113 quods

228 2138 234 2211 ζ
308 2114 452 2203 „lidum
468 2114 519 2195 est
533 2126 661 2213 utpote
677 2132 787 2211 gnare
800 2115 934 2191 sursum
951 2039 1076 2191 sertiq
1055 2138 1128 2191 noo
1142 2127 1211 2213 pot

308 2212 399 2301 „sei
450 2214 504 2291 At
526 2220 635 2291 rebus
657 2214 795 2291 mortis
817 2212 1038 2291 sensibilibus
1060 2212 1200 2309 superio

307 2314 385 2402 „est
400 2314 690 2401 firmamentum,
716 2336 764 2388 ex
779 2333 852 2412 quo
872 2314 939 2401 fit,
962 2328 1005 2389 nt
1021 2314 1138 2389 nihil
1127 2336 1189 2390 ιιι
1207 2350 1211 2376 ι

195 2442 200 2447 ·
307 2413 485 2501 ,erassum
502 2413 655 2511 cogitari
672 2369 785 2511 frossrt,
810 2412 872 2488 sed
884 2434 1120 2527 rerumquae
1140 2434 1206 2489 eor

305 2468 1203 2711 susurratas?,tartaridis

302 2712 400 2798 ,bus
412 2712 462 2787 ed
470 2710 683 2797 obnoxium
695 2710 846 2788 solidum
858 2710 1001 2800 deortur
1016 2712 1103 2787 licet
1111 2735 1193 2788 na

204 2886 214 2907 x
300 2833 407 2902 „ram
424 2812 588 2889 maximo
611 2808 777 2887 subtilem
799 2810 974 2887 obtineat.
999 2810 1202 2909 Meritosgi

299 2920 388 3003 „tur
411 2910 546 3007 quod
535 2909 631 3007 ignis
656 2910 796 2986 ambitu
814 2910 1039 2998 continetur,
1066 2910 1204 2987 seilicet

298 3010 519 3108 „quidquid
518 3032 566 3082 ex
583 3008 693 3085 orasse
711 3010 865 3086 materia
888 3008 1044 3099 constat,
1071 3010 1109 3085 id
1134 3032 1192 3108 pr·

297 3110 414 3209 „priis
437 3108 545 3184 semel
567 3109 733 3185 terminis
753 3108 1060 3209 circumscriptum
1085 3110 1132 3183 ob
1151 3134 1201 3185 na

296 3210 480 3301 „totalem
505 3209 671 3287 materiae
686 3206 950 3286 craffitudinem
977 3210 1023 3285 ad
1059 3207 1191 3306 superi

297 3328 406 3401 „mm
420 3305 664 3383 differentiam
679 3320 849 3384 vocatum
860 3304 1190 3385 estsirmamentnm

298 3406 635 3505 „quemadmodum
667 3419 791 3484 antem
817 3406 857 3485 dt
878 3408 997 3484 iucem
1022 3408 1196 3493 diem,
1184 3445 1211 3474 ‹

296 3504 657 3601 „,tenebrasnosiem
674 3506 721 3583 fio
736 3508 829 3583 iilod
848 3507 981 3586 eaelum
1002 3508 1202 3607 appellarit

114 3721 187 3788 nrm
146 3723 228 3807 ‘fia
245 3744 282 3792 α.
374 3729 432 3781 12.
456 3704 596 3792 „Porro
611 3704 675 3781 illa
695 3726 871 3803 aquarum
896 3704 1074 3805 separatio
1092 3703 1198 3785 firma

15 3820 21 3831 ·
111 3830 177 3887 orm
199 3810 309 3895 rese,
311 3815 450 3894 ,mento
470 3804 719 3881 intercedente
738 3806 798 3891 iit,
818 3806 857 3883 dt
874 3828 995 3903 aqna,
1024 3805 1127 3900 super
1142 3829 1205 3904 qu

110 3897 208 3993 orae
225 3914 248 3959 ⁰
296 3903 508 3994 „ferebatur
522 3904 666 4002 spiritus
684 3904 766 3994 Dei,
792 3904 993 3983 diversaesi
1008 3905 1055 3981 ab
1068 3904 1192 3983 istam
1186 3945 1206 3976 .

259 4024 501 4103 „aquarum
526 4018 677 4093 natura,
707 4026 791 4121 quae
820 4005 987 4085 deorsum
1010 4004 1195 4093 sinunt,
1184 4047 1211 4074 ι

296 4102 558 4257 „firmamento
572 4104 620 4185 ab
633 4104 705 4183 hae
719 4104 928 4205 sejungitur.
963 4106 1078 4205 igitur
1093 4105 1199 4183 firma

1084 4228 1198 4301 „men
