2250 4732
194 592 315 685 :oe
348 596 595 707 Virgitritatr.
781 618 875 715 *m
1015 692 1026 725 Ι

57 786 155 867 udam
186 748 453 893 lepepermidae
475 794 665 883 ridentrt,
690 793 876 874 immorta-

57 916 71 965 n
95 890 199 967 illam
220 892 441 990 voluptatem
465 894 661 981 avmsmur,
689 916 797 993 quarn
813 914 877 973 eor

57 1012 113 1067 um
136 1012 226 1089 pura
247 992 353 1089 ejus,
380 992 441 1091 qni
466 1014 534 1069 noe
556 994 666 1090 regit,
693 995 804 1073 animi
820 994 876 1073 iri·

57 1088 169 1197 ritate
196 1091 377 1181 adhibite,
402 1114 530 1191 eapnre
558 1092 659 1175 solet

151 1262 159 1275 '
242 1302 624 1386 cneurvr

58 1484 193 1605 poam
207 1486 349 1563 eausam
366 1510 522 1587 magnus
534 1490 573 1566 in
583 1486 772 1589 Prophetis
787 1484 878 1565 mihi
890 1486 982 1563 Elios.
993 1486 1035 1559 8

97 1586 266 1675 „videtur
291 1587 410 1678 Elias,
436 1587 475 1665 dr
500 1588 563 1687 qui
592 1592 630 1665 in
646 1590 725 1689 ejur
743 1590 879 1685 Spiritu
890 1574 1034 1673 30οΜ

58 1686 114 1773 nit,
144 1684 326 1783 Joanrres,
353 1689 415 1787 qui
437 1690 547 1765 ambo
573 1688 621 1764 ab
645 1686 883 1765 adolescentia
891 1678 1038 1747 ΜΝ·

58 1786 76 1861 'e
103 1780 220 1861 statim
251 1786 297 1860 ab
324 1784 495 1865 humaoae
523 1791 611 1863 titae
635 1787 803 1865 societate
825 1808 882 1860 re·

58 1896 205 1961 imunt
234 1884 327 1961 Cum
345 1887 441 1963 enim
458 1901 536 1963 tum
554 1887 730 1983 potionis,
751 1884 789 1961 dt
808 1884 881 1961 eibi

58 1980 250 2081 ipieientia,
278 1998 355 2058 tum
385 1986 472 2074 vita,
497 2006 608 2085 quarn
629 1986 667 2061 io
691 1982 881 2060 solitudine

58 2094 184 2170 erunt,
209 2080 245 2157 ie
267 2082 364 2179 quad
387 2107 410 2160 a
433 2100 574 2161 neturae
599 2086 802 2161 alienarunt
824 2084 880 2157 in·

59 2194 147 2269 rito,
168 2181 214 2257 ab
226 2183 385 2257 externis
404 2184 732 2279 perturbationibus
751 2180 880 2257 remoti

59 2280 196 2359 inmuta
215 2282 300 2357 uitae
320 2282 578 2383 tranquillitate
600 2280 669 2358 ieie
689 2280 880 2359 constitue·

59 2396 109 2475 att
141 2382 228 2457 inde
250 2382 485 2458 veneruntad
509 2396 648 2459 tantam
677 2383 882 2457 divinorum

59 2501 197 2567 merum
214 2480 454 2568 altitudinem,
480 2496 652 2581 quantam
669 2482 716 2555 de
731 2492 883 2573 utroque

59 2580 192 2679 tiptrm
206 2594 477 2656 commemorat.
525 2578 592 2656 ltu
614 2594 736 2656 autem
752 2580 883 2651 exinde

59 2678 507 2775 :contigerunnqurndum
515 2702 640 2776 puram
658 2676 885 2771 inDeoeupi·

60 2792 161 2857 rtem
178 2776 388 2890 posuerupt,
412 2800 528 2875 neque
542 2778 735 2855 liberorum
755 2774 886 2890 amori·

60 2895 587 3063 trititrtitttttiz
611 2890 887 3089 :timuit

60 3078 161 3155 idern
180 3073 292 3149 otrus
315 3090 436 3150 curarn
469 3074 516 3149 ad
539 3064 574 3149 se
598 3088 777 3171 pertrnere
803 3094 889 3146 eeu·

62 3188 170 3255 runt.
192 3172 318 3269 Neque
330 3174 486 3269 profedio
503 3174 551 3250 ad
572 3196 653 3249 eam
670 3170 888 3268 magnitudi-

60 3300 90 3355 ι
107 3272 371 3371 ,pervenissent
411 3272 595 3370 tuopte
626 3288 692 3347 eos
729 3272 890 3369 corporis

61 3374 285 3453 estamentir
321 3371 493 3449 delinitos
526 3370 762 3447 molliuident
832 3368 891 3443 Ex

61 3504 76 3551 u
108 3474 150 3549 id
177 3470 383 3547 documenti
411 3472 653 3568 percipimus,
693 3484 735 3546 ut
762 3489 892 3566 propo·

61 3604 70 3649 r
88 3574 311 3649 sentierunt
333 3569 501 3667 exemplo
522 3572 566 3645 iit
587 3570 715 3657 rebor,
740 3565 893 3669 qua-td
935 3608 938 3613 ·

61 3696 127 3753 nm
145 3669 337 3767 pertinent,
355 3669 515 3745 animum
532 3694 603 3745 non
612 3669 758 3767 adjiciat
769 3670 815 3754 is,
831 3666 895 3763 qni
914 3676 917 3683 '

61 3790 157 3851 eum
176 3766 254 3841 Deo
273 3766 435 3865 Junttum
450 3766 519 3844 effe
534 3768 675 3845 studet:
702 3766 781 3844 fieri
796 3774 895 3842 enim
1034 3766 1062 3875 .-

61 3898 82 3951 n
107 3865 244 3969 potest,
270 3878 313 3943 ut
328 3864 431 3961 eujus
454 3869 601 3944 animus
625 3866 822 3943 multatam
838 3884 895 3939 re-

61 3996 89 4047 n
121 3966 225 4043 curis
253 3962 480 4051 distrahitur,
522 3968 616 4041 isin
641 3965 708 4041 Dei
733 3980 895 4041 contem·

61 4070 237 4155 monem,
261 4064 576 4164 cupiditatemque,
588 4063 697 4167 piane
718 4076 818 4143 totus
839 4060 900 4135 in«.

62 4168 174 4263 nbat.
704 4144 895 4240 CAPUT
