2250 4732
1111 520 1114 527 ι

221 636 261 723 in
291 633 425 752 Psctlnt.
458 635 634 752 inscript.
735 638 740 645 ’
814 568 897 756 147¹

55 836 101 911 rit
123 855 290 922 etenum,
322 838 381 910 vel
401 835 439 911 in
465 836 548 914 aliis
570 835 812 934 improbitatis
831 860 896 935 ge·
919 930 920 937 Ν
1002 886 1009 899 1
1090 842 1098 855 '

55 936 154 1023 ribus
179 932 331 1012 studium
362 936 544 1026 collocat,
581 953 685 1013 extra
715 930 894 1015 ambitum

55 1035 164 1123 'itatis
186 1033 285 1109 illius
311 1035 483 1111 oberrans
490 1091 504 1133 ,
545 1035 578 1110 is
602 1036 751 1113 testatur
778 1037 825 1112 de
841 1036 895 1112 le·

55 1135 88 1221 ὀ,
105 1131 278 1210 secanam
296 1135 374 1223 effe,
404 1136 660 1212 transformata
678 1137 751 1221 illa,
785 1159 896 1234 qnam

55 1256 86 1309 m
103 1230 188 1308 Deo
210 1232 377 1321 habebat,
408 1234 700 1313 firnilitudine‘in
725 1240 894 1311 caninam
955 1264 958 1271 ·

55 1344 183 1409 mnam.
233 1330 314 1409 Nec
329 1333 396 1420 est,
421 1334 519 1431 quod
542 1357 605 1431 per
626 1357 754 1410 canem
780 1336 893 1411 alium

55 1431 211 1529 eligas,
237 1446 347 1530 quam
372 1433 586 1532 primaevum
608 1436 713 1511 illum
739 1458 889 1522 canem,
1022 1450 1029 1460 ·

55 1532 231 1609 mirorum
246 1531 284 1609 dt
301 1533 539 1619 homicidam,
568 1548 609 1609 ut
633 1535 819 1632 Scriptura
828 1533 893 1623 „lo-

55 1632 132 1708 itur.
185 1630 340 1730 Reliqua
359 1632 485 1709 itidem
504 1633 633 1709 Psalmi
654 1634 819 1710 caninam
837 1635 892 1709 vl·

55 1754 76 1809 n
98 1728 328 1809 describunt:
367 1755 455 1811 nam
476 1732 560 1807 loco
584 1731 739 1809 latratus
764 1731 891 1809 sonum
1012 1780 1016 1788 ·

55 1830 199 1907 udam
227 1834 270 1906 ἐκ
295 1855 350 1904 ore
373 1832 521 1909 illorum
548 1835 706 1929 prodire,
743 1831 781 1910 dt
809 1830 893 1907 loco

55 1926 168 2007 ntinm
184 1931 395 2008 caninorum
413 1930 564 2028 gladium
585 1930 647 2028 sub
662 1930 760 2007 tabiit
784 1956 895 2009 eorum
958 1974 962 1982 ,

55 2024 227 2106 martam
251 2028 350 2106 dicit.
412 2029 486 2105 Sed
518 2029 673 2106 terrifica
700 2030 782 2107 haec
801 2030 895 2109 risus

55 2141 83 2211 tt
111 2127 216 2216 illis,
252 2128 314 2226 qui
340 2127 461 2206 Deum
489 2128 609 2207 lecum
636 2130 797 2222 habent3
843 2131 897 2207 ait

55 2228 100 2305 lm
121 2250 132 2302 ε
158 2223 210 2303 Et
227 2238 264 2305 ta
279 2226 429 2305 Domine·
445 2228 606 2305 deridebis
632 2255 704 2319 eos,
738 2256 755 2306 e
779 2250 894 2307 overe

55 2327 229 2402 titudinem
257 2354 361 2402 nnnm
381 2329 430 2403 nd
455 2341 485 2402 tc
508 2330 692 2428 custodiam.
747 2252 793 2406 {t
818 2327 895 2426 post

55 2449 120 2503 nea
139 2424 389 2524 praefignificat
413 2427 597 2504 definitam
633 2452 656 2504 a
682 2426 768 2503 ¹Deo
793 2428 895 2525 super

55 2548 67 2600 t
90 2524 266 2623 figmento
291 2530 561 2616 oeconnmiam,
590 2528 678 2603 dicit
695 2526 810 2603 enim:
839 2523 894 2602 Ne

55 2625 133 2701 idas
161 2650 239 2714 ens,
268 2626 327 2702 sed
350 2628 500 2704 detrahe
518 2628 599 2701 illos
624 2629 670 2703 ab
699 2625 893 2707 altitudine
959 2654 961 2659 ⁴
1040 2717 1044 2723 ἣ

55 2724 155 2802 tlitiae
179 2726 216 2800 in
244 2725 389 2821 planam
414 2727 557 2802 vivendi
583 2729 781 2811 rationem,
809 2745 892 2822 qnae

55 2827 199 2900 :undrim
219 2825 336 2901 Deum
351 2824 553 2902 instituitur.
613 2826 671 2901 Ex
688 2826 820 2921 quibus
837 2823 893 2898 in·

55 2922 248 3019 ligimus„
284 2925 441 3023 ipsorum
482 2926 670 3018 hominnm
705 2948 779 2999 nnn
814 2921 893 3013 fore

55 3022 259 3110 olitionem,
284 3030 329 3099 n'e
349 3025 512 3101 divinum
531 3048 624 3121 opus
658 3022 787 3121 inutile
811 3021 895 3098 red·

55 3120 132 3212 tur,
160 3123 184 3198 lt
205 3124 342 3200 recidat
364 3125 402 3200 in
429 3125 606 3216 nihilum;
648 3124 707 3197 sed
730 3124 813 3198 loco
839 3121 895 3220 ip·

55 3244 121 3298 nm
145 3223 275 3320 peribit
290 3238 497 3316 peccatum,
524 3223 561 3300 dt
576 3227 614 3299 in
632 3222 786 3298 nihilum
802 3236 889 3296 con·

55 3336 175 3398 rtetur.
213 3321 376 3415 Detiffam
409 3322 477 3399 oris·
501 3323 654 3421 infinum,
688 3322 825 3420 inquit,
852 3318 893 3396 Θ

55 3448 115 3497 ano
142 3420 304 3496 labiorum
338 3421 499 3521 ipsorum,
532 3423 712 3520 superbia,
744 3441 893 3523 ealeata-

55 3576 66 3611 ‚
84 3522 124 3598 dt
138 3522 370 3598 mendacium
377 3546 388 3614 ;
406 3523 440 3596 in
454 3524 507 3596 ira
524 3519 805 3621 confitmmntineis
823 3543 889 3595 non

55 3634 127 3708 ut,
153 3642 236 3719 quae
261 3642 344 3696 cum
362 3620 517 3719 amplius
539 3646 612 3697 non
628 3622 782 3708 luerint,
812 3644 849 3694 co
873 3657 892 3678 ·

55 3718 149 3809 irent,
175 3720 313 3817 inquit,
342 3722 419 3818 qaia
439 3718 539 3796 Deus
570 3720 793 3795 denudabitur
819 3643 895 3823 fit·

55 3818 129 3903 a&
146 3820 270 3920 finium
299 3835 405 3896 terra
480 3817 593 3895 Nulla
617 3822 713 3897 enim
737 3828 895 3915 us'qnam

55 3920 128 3997 itta
149 3920 291 3996 malitia
307 3920 469 3998 omniun
485 3918 610 3995 linium
634 3919 748 3994 rettor
767 3916 896 3992 Domi·

55 4018 200 4109 serit,
229 4041 314 4096 enm
336 4043 402 4106 ea,
437 4039 519 4116 quae
545 4042 640 4095 nnnc
666 4019 793 4095 multis
828 4017 898 4091 im·

55 4130 120 4209 tat,
146 4118 320 4219 iniqnitas
344 4120 391 4213 de
410 4120 534 4197 medio
551 4115 710 4195 tolletur.
755 4112 899 4191 Deinde

400 4213 456 4295 'K
479 4242 502 4301 2
787 4232 893 4309 ram·
